2007 2702
795 271 944 290 -···-
977 255 1136 311 (336)
1169 273 1320 287 ·--·

261 373 410 413 εοέοῑε
447 370 695 421 imbutum,
729 368 806 410 soli
843 369 869 409 si
907 369 1033 410 fuerit
1068 368 1336 424 expositum,
1372 367 1495 423 plane
1532 376 1572 410 at
1606 369 1735 425 longe
1772 382 1854 415 tar-

259 438 353 478 dius
391 436 561 478 exuitur
596 435 742 476 colore
780 436 871 488 suo,
907 435 949 475 in
986 434 1170 476 tenebris
1207 433 1381 475 reduce.

453 564 488 618 §.
530 577 601 613 13.
669 563 899 605 Alcoholis
939 564 1045 604 aceti
1081 564 1325 605 suauitatem
1362 575 1514 616 augere
1550 562 1685 616 licet,
1726 564 1754 604 fi
1796 577 1850 604 10

257 629 452 670 eiusdem
488 627 676 683 partibus
713 641 793 667 vna
829 628 897 666 vel
934 628 1039 667 duae
1075 639 1211 680 partes
1250 627 1455 681 spirituosi
1499 627 1676 681 liquoris
1712 627 1854 685 supra-

255 694 372 747 dieti,
411 693 467 746 (ᾗ.
508 693 587 745 10)
625 691 744 732 omni
778 690 1025 745 phlegmate
1062 693 1218 745 orbati,
1254 691 1569 733 admisceantur.

448 820 484 873 ᾗ.
529 834 598 871 14.
669 821 789 876 Quae
828 822 878 862 de
918 829 1039 861 aceto
1076 833 1150 874 per
1187 818 1319 872 frigus
1358 822 1675 862 concentrando
1712 822 1754 861 in
1786 821 1849 862 su-

252 883 494 937 perioribus
532 886 749 939 exposui,
788 885 1085 926 accuratissime
1121 884 1149 924 fi
1186 883 1464 924 obseruentur
1500 886 1676 936 omnia,
1721 887 1849 939 atque

250 948 467 1002 inprimis,
502 949 530 989 fi
569 951 868 990 commendata
904 950 1032 1004 partis
1070 947 1312 1003 spirituosae
1348 949 1552 1003 separatio
1590 949 1646 1002 (§.
1672 949 1719 1002 6)
1756 963 1851 990 om-

251 1013 315 1063 ni,
354 1026 441 1066 quo
490 1013 580 1054 fieri
616 1015 768 1068 potest,
805 1015 940 1054 studio
977 1014 1206 1060 efficiatur,-
1245 1022 1334 1052 tum
1371 1027 1446 1067 per
1483 1014 1615 1066 frigus
1658 1026 1739 1063 195
1779 1013 1849 1055 vel

257 1089 346 1115 200
384 1078 592 1130 graduum
631 1079 760 1120 scalae
798 1079 893 1119 Der
929 1079 1137 1129 Islhrnae,
1196 1086 1316 1117 aceto
1355 1078 1448 1118 talis
1486 1079 1845 1119 concentrationis

252 1142 407 1194 gradus
447 1143 664 1184 conciliari
702 1144 870 1196 potest,
915 1152 959 1183 vt
997 1142 1184 1183 alcoholi
1222 1142 1329 1182 aceti
1365 1142 1737 1182 Westeudorfiano
1775 1157 1846 1196 pa-

250 1218 346 1246 rum
384 1207 625 1258 concedat¹>
673 1207 1041 1248 Ehrenreichiauo
1079 1208 1161 1247 hoc
1199 1205 1384 1259 respectu
1423 1206 1552 1260 longe
1590 1207 1844 1258 antecellat,

251 1278 294 1308 et
330 1270 559 1322 puritatem
596 1271 930 1326 suauitatemque
970 1272 1086 1325 quod
1123 1271 1296 1323 attinet,
1331 1270 1515 1325 perfecie
1553 1272 1593 1312 ei
1629 1272 1844 1312 aemulum

250 1332 458 1374 videatur.

447 1461 483 1514 §.
525 1472 595 1510 15.
663 1461 823 1502 Pedem
862 1473 972 1500 nunc
1009 1460 1061 1501 ad
1098 1460 1157 1511 id,
1195 1460 1310 1513 quod
1349 1470 1473 1513 caput
1509 1461 1547 1500 in
1586 1462 1662 1501 hac
1701 1460 1842 1500 disser-

250 1526 410 1567 tatione
447 1526 518 1578 cst,
554 1526 750 1580 profero,
788 1537 944 1565 nouam
982 1538 1002 1564 a
1042 1536 1107 1564 mc
1145 1525 1360 1564 inuentam
1383 1525 1648 1578 expositurus
1672 1524 1841 1564 metho-

250 1591 370 1642 dum,
406 1604 487 1645 qua
524 1601 690 1630 acetum
728 1591 778 1631 ad
816 1590 1019 1629 summam
1053 1590 1444 1628 concentrationem
1473 1589 1726 1643 acidumque
1748 1588 1838 1628 eius

249 1654 301 1695 ad
337 1654 727 1707 crystallis-„itionem
764 1667 897 1707 Vsque
934 1652 1167 1707 perducere
1203 1653 1308 1693 mihi
1349 1653 1541 1705 contigit.

443 1781 614 1838 Magma
651 1783 1059 1836 empyreumatico-
1082 1782 1280 1831 acidum,
1318 1781 1433 1833 quod
1472 1780 1512 1819 in
1548 1780 1654 1820 aceti
1691 1793 1840 1834 empy-

247 1848 472 1889 reumatici
517 1848 819 1889 tce'tificatione
865 1847 905 1886 in
943 1855 1099 1887 retorta
1134 1854 1357 1895 remanet,
1413 1845 1500 1884 dixi
1539 1845 1656 1897 supra
1693 1845 1748 1898 (ξ.
1790 1846 1835 1896 5)

248 1913 432 1953 retinere
469 1912 626 1954 bonam
663 1913 771 1953 acidi
808 1911 1013 1952 fortissimi
1049 1909 1310 1961 portionem,
1350 1922 1454 1962 quae
1493 1909 1644 1949 mariae
1683 1909 1834 1950 balneo

249 1988 336 2015 non
374 1976 564 2017 transcat.
613 1976 734 2030 Quae
769 1976 907 2030 postea
944 1975 971 2014 fi
1008 1972 1173 2012 fortiori
1213 1985 1359 2013 arenae
1397 1973 1548 2013 balneo
1586 1972 1833 2025 destilletur,

249 2039 391 2079 transit
426 2052 522 2079 cum
561 2041 683 2080 acido
720 2041 867 2080 oleum
903 2039 1331 2091 empyreumaticum‚
1369 2038 1623 2089 acidumque
1660 2050 1711 2078 eo
1750 2050 1836 2078 ma-

247 2103 331 2144 iori
368 2106 699 2156 empyreumatis
736 2104 966 2158 quantitate
1002 2100 1259 2152 inquinatur.
1324 2101 1497 2141 Prorsus
1535 2111 1676 2142 autem
1713 2101 1834 2142 aliter

248 2179 315 2207 res
351 2167 391 2207 se
428 2167 591 2220 habet,
635 2168 707 2208 vbi
744 2177 864 2209 aceto
901 2166 950 2206 ab
987 2175 1305 2217 empyreumate
1341 2166 1565 2219 purgando
1602 2166 1836 2206 carbonum

246 2230 388 2284 puluis
425 2232 649 2272 adhibetur
687 2231 836 2287 (§.9):
874 2232 992 2280 dum‚
1028 2227 1143 2269 finita
1178 2231 1219 2270 in
1257 2230 1410 2270 mariae
1447 2230 1599 2270 balneo
1636 2230 1725 2271 eius
1762 2231 1835 2270 de'-

246 2294 505 2346 stillatione,
542 2308 596 2336 ex
630 2305 873 2335 remanente
909 2293 1141 2334 carbonum
1178 2294 1356 2348 puluere
1379 2324 1392 2347 7
1439 2295 1509 2347 qui
1543 2294 1672 2335 ficcus
1707 2294 1830 2348 plane

247 2367 437 2415 apparet,
470 2358 784 2401 vehementiori
821 2371 969 2401 arenae
1003 2358 1101 2412 igne
1139 2372 1161 2408 3
1201 2358 1270 2400 vel
1306 2373 1337 2411 4
1371 2359 1516 2400 vnciae
1553 2359 1660 2400 aceti
1696 2356 1832 2399 fortis-

1741 2420 1835 2463 fimi
