2007 2702
757 208 907 224 ---
941 189 1095 245 (246)
1130 203 1282 232 ι----·

212 322 279 353 res
301 338 314 362 ,
350 317 392 350 et
425 309 479 351 ad
515 320 580 349 res
617 306 888 362 designandas
924 303 1131 360 aptiores)
1183 301 1344 357 saepius
1397 299 1600 344 inducere
1642 304 1810 358 possunt

214 376 257 417 in
293 387 459 415 errores
482 403 496 426 ‚
549 373 592 413 in
626 372 857 413 retinendis
893 380 1087 412 veterum
1124 368 1293 410 dicendi
1332 368 1526 408 formulis
1563 369 1810 423 neutiquam

213 438 589 485 extimescendos;
642 437 854 492 ipsiusque
898 436 1091 477 scientiae
1129 433 1349 475 discendae
1387 432 1631 474 facilitatem
1668 434 1809 486 (cuius

211 514 355 547 tamen
391 503 523 544 caussa
559 501 835 542 solummodo
872 500 967 541 illae
1003 500 1114 553 ipsae
1149 501 1346 539 inuentae
1395 497 1474 537 effe
1510 497 1812 552 perhibentur)

212 569 348 623 magis
383 566 653 621 impediunt3
707 566 936 618 (siquidem
978 565 1062 605 iam
1106 576 1217 604 nunc
1262 560 1480 614 duplicem
1522 563 1715 603 eiusdem
1752 562 1814 603 rei

212 631 615 675 determinationem
651 630 886 669 memoriae
921 629 1139 680 imprimas
1176 626 1336 666 necesse
1372 625 1485 679 est),
1520 638 1566 667 ac
1601 627 1626 666 si
1663 627 1705 667 in
1742 627 1815 667 ad-

208 697 401 740 hibendo
438 694 649 735 maiorum
685 692 894 746 loquendi
932 702 1053 732 more
1091 690 1211 743 (licet
1257 689 1393 729 forsan
1437 701 1522 730 non
1567 692 1675 732 adeo
1720 692 1814 732 ido-

211 764 333 812 neo)
370 757 758 813 adquieuiffemus:
804 755 969 797 verbo:
1028 754 1055 795 fi
1092 754 1359 795 molumenta
1411 765 1546 794 nouae
1600 755 1815 797 eiusmodi

209 825 414 878 linguae,
465 823 592 864 etiam
629 821 758 875 longe
798 821 988 861 melioris
1011 849 1024 872 ‚
1070 820 1120 860 ab
1156 817 1447 859 incommodis
1484 818 1583 859 inde
1621 820 1815 860 oriundis

209 889 474 944 superantur,
511 896 674 928 tantum
712 886 846 927 abeffe
884 885 1165 936 crediderim,
1202 892 1247 924 vt
1282 881 1473 923 scientias
1510 882 1633 923 nouis
1671 883 1819 924 dicen-

212 955 256 996 di
293 953 491 994 formulis
527 951 769 993 obruendas
807 951 885 991 effe
924 949 1165 1000 statuamus,
1201 956 1247 989 vt
1282 947 1424 1001 potius
1460 947 1648 1001 pristinas
1686 947 1818 988 semel

214 1018 323 1074 quasi
360 1017 550 1068 sancitas,
586 1015 846 1064 retinendas7
886 1023 929 1055 et
963 1013 1035 1054 vbi
1072 1014 1181 1054 forte
1218 1012 1383 1066 aliquae
1421 1012 1566 1066 paullo
1598 1012 1817 1053 obscurio-

210 1096 294 1135 res,
334 1083 473 1123 minus
512 1094 593 1136 que
629 1089 749 1135 aptae
785 1078 1032 1130 videantur,
1070 1078 1213 1132 paucis
1250 1076 1653 1118 circumscribendas
1691 1086 1816 1130 atque

210 1148 485 1202 explicandas
523 1148 602 1187 esi'e
638 1146 909 1186 iudicemus:
948 1143 1017 1184 sed
1053 1143 1156 1184 haec
1193 1142 1410 1184 haetenus.
1480 1141 1568 1184 Iam
1605 1142 1655 1183 ad
1692 1155 1816 1197 argu-

210 1222 403 1254 mentum
439 1211 627 1253 nostrum
663 1209 842 1265 propius
879 1209 1130 1251 accedamus
1169 1206 1444 1249 tractandum.

403 1338 438 1380 ἷ.
474 1338 666 1378 Primum
704 1336 754 1377 ad
792 1348 854 1376 res
872 1347 994 1376 nouas
1030 1333 1301 1388 designandas
1337 1343 1436 1372 noua
1472 1332 1598 1371 etiam
1621 1331 1819 1372 vocabula

212 1405 413 1458 fingenda
448 1403 528 1443 esse
572 1414 637 1441 res
676 1400 762 1454 ipsa
797 1401 957 1451 docet,
1009 1410 1053 1440 et
1094 1412 1168 1452 per
1210 1398 1248 1438 se
1293 1398 1386 1437 satis
1430 1395 1697 1449 perspicuum
1743 1396 1814 1436 est.

213 1469 327 1511 Hinc
365 1481 403 1510 e.
425 1480 464 1520 g.
503 1466 655 1506 fac‘ium
689 1463 763 1509 est„
801 1474 846 1504 vt
882 1465 925 1504 in
962 1463 1150 1517 linguam
1188 1462 1361 1503 latinam
1397 1459 1527 1501 verba
1562 1461 1670 1500 adeo
1707 1462 1818 1502 mul-

213 1544 271 1583 ta7
306 1545 373 1574 res
408 1532 453 1572 in
490 1530 575 1570 vita
611 1528 852 1579 communi,
888 1529 930 1568 in
967 1541 1012 1568 re
1038 1527 1207 1568 militari
1237 1536 1318 1566 etc.
1355 1523 1646 1575 obuersantes‚
1684 1524 1820 1578 defig-

213 1598 390 1648 nantia‚
446 1595 772 1648 reciperentur,
827 1606 933 1647 quae
977 1593 1147 1647 antiqua
1182 1591 1320 1631 Roma
1355 1588 1523 1643 prorsus
1561 1589 1817 1642 ignorabat,

214 1663 422 1716 liquidem
457 1673 524 1701 res
562 1659 657 1700 istae
703 1658 794 1712 post
829 1658 1047 1698 interitum
1100 1658 1272 1698 demum
1326 1652 1567 1695 huiuscerei
1619 1652 1815 1705 publicae

216 1728 414 1768 inuentae
449 1733 583 1765 erant.
654 1723 723 1764 Sic
759 1723 921 1773 etiam,
977 1722 1048 1776 qui
1102 1721 1173 1762 sub
1225 1730 1418 1771 tempora
1473 1717 1607 1757 nostra
1650 1716 1691 1756 in
1729 1726 1815 1757 arte

217 1791 450 1842 britanica,
494 1789 744 1843 reliquaque
781 1787 948 1828 historia
987 1786 1164 1828 naturali
1201 1785 1469 1831 floruerunt,
1514 1792 1556 1822 et
1600 1781 1671 1835 qui
1707 1782 1816 1822 inter

217 1857 298 1898 hos
337 1855 460 1896 facile
495 1853 733 1908 principem
771 1852 916 1893 locum
953 1861 1084 1901 tenet,
1120 1848 1327 1897 Ltnnaeus,
1364 1845 1493 1886 multa
1531 1859 1664 1900 eaque
1697 1856 1816 1887 antea

218 1922 403 1961 inaudita
438 1919 675 1973 plantarum
711 1918 1045 1970 animaliumque
1089 1914 1260 1954 nomina
1311 1911 1556 1964 excogitare
1603 1910 1818 1965 cogeban-

218 1995 320 2034 tur,
374 1985 423 2025 ad
460 1982 732 2035 designandas
771 1994 834 2023 res
870 1994 956 2032 eas,
995 1991 1100 2033 quae
1135 1991 1190 2018 ex
1228 1977 1401 2027 dissitis,
1454 1985 1661 2029 anteaque
1701 1974 1816 2017 haud

221 2048 403 2103 cognitis
444 2058 577 2088 terrae
613 2046 862 2100 regionibus
897 2045 949 2086 ad
985 2057 1063 2084 nos
1100 2042 1436 2096 pei-serebantur.

412 2175 469 2216 ΙΙ.
505 2175 681 2218 Deinde
716 2187 821 2216 vero
856 2173 1026 2227 antiqua
1059 2184 1199 2212 rerum
1235 2170 1442 2212 vocabula
1468 2182 1563 2210 cum
1585 2182 1731 2210 recens
1753 2169 1816 2209 in-

221 2241 359 2284 uentis
394 2241 670 2293 permutanda
706 2240 935 2288 videntur,
978 2236 1097 2277 simul
1134 2249 1179 2276 ac
1217 2236 1393 2289 pristinis
1435 2234 1612 2276 meliora
1654 2235 1814 2289 aptiora

220 2317 346 2362 atque
384 2304 561 2347 clariora
596 2303 832 2358 excogitari
866 2302 1046 2357 poffunt.
1120 2301 1250 2356 Quod
1286 2301 1313 2341 fi
1349 2301 1477 2355 igitur

1767 2361 1812 2402 ΙΝ,
