2007 2702
689 183 842 197 --
877 166 1036 225 (263)
1069 184 1222 199 --·

143 287 256 333 acidi
292 285 501 344 quantitas
539 298 647 341 quae
690 285 838 328 lethali
882 287 968 328 hoc
1014 286 1231 329 mercurio
1276 288 1552 348 continetur3
1605 302 1650 336 et
1699 308 1754 339 ne

143 364 258 396 tanta
296 354 472 408 quidem
508 366 641 407 aquae
678 352 802 405 copia
839 351 970 392 diluta
1006 352 1093 405 est,
1133 365 1259 407 quam
1297 365 1405 407 quae
1441 359 1490 398 ad
1528 360 1758 403 dissoluen-

145 421 248 461 dum
288 420 558 460 sublimatum
594 416 844 469 requiritur,
880 417 1056 470 impune
1094 417 1295 472 deglutiri
1331 420 1483 472 potest.
1521 423 1623 465 Vim
1660 439 1758 468 cor·

142 485 324 528 rofiuam
362 486 522 538 argenti
559 481 737 533 niu-ati,
791 481 966 537 (lapidis
1005 481 1246 535 infernalis)
1299 492 1342 524 et
1377 485 1605 528 emeticam
1649 492 1757 533 anti-

143 550 279 591 monii
317 548 466 590 acetati
503 549 570 587 vel
608 547 851 598 tartarilati,
890 547 1151 589 transeundo
1189 551 1545 591 commemorasse
1581 552 1756 597 suffece-

141 617 210 656 rit.
249 614 369 669 Quae
398 613 425 653 fi
459 612 569 653 reete
606 613 967 663 animaduertero,
990 612 1168 653 dubium
1192 613 1336 654 saltem
1358 624 1485 669 atque
1505 616 1758 670 ambiguum

142 681 221 720 effe
261 679 444 729 videtur,
480 687 622 718 vtrum
661 677 813 727 maior,
851 676 900 728 (fi
936 677 985 718 ad
1022 677 1218 718 intimam
1255 679 1429 719 illorum
1452 690 1643 722 naturam
1665 682 1758 737 spe-

139 744 339 796 ‹staueriffl
363 773 375 795 .,
411 744 577 794 acidis,
613 756 663 784 an
705 741 866 783 bafibus
905 755 1056 783 eorum
1080 772 1093 794 ‚
1143 744 1296 797 agendi
1334 744 1396 784 vis
1434 745 1659 788 tribuenda
1693 747 1756 790 fit.

139 806 255 850 Cum
292 821 396 849 vero
434 818 567 849 totam
605 808 714 849 hanc
749 820 839 848 rem
878 807 942 847 his
982 808 1155 861 quidem
1195 811 1457 863 argumentis
1497 810 1610 852 haud
1630 826 1758 866 pror·

136 873 204 914 sus
242 874 383 913 dirimi
422 873 535 927 posse
572 871 771 920 sentiam;
826 872 910 912 hoc
948 885 1079 912 vnum
1118 871 1262 913 saltem
1302 875 1565 916 contendere
1601 878 1755 927 ausim3

137 937 312 979 difficile
349 939 429 979 effe
468 938 738 988 diiudicata,
778 950 984 991 quaenam
1021 950 1077 979 ex
1113 938 1362 979 commixtis
1400 940 1588 982 inuicem
1623 942 1754 983 rebus

134 1003 330 1058 pluribus
367 1002 582 1043 efficacior
619 1003 813 1043 habenda
850 1002 909 1042 fit.
958 1002 1090 1043 Mislis
1128 1016 1232 1044 vero
1268 1003 1352 1044 iam
1390 1004 1454 1045 his
1492 1019 1514 1048 a
1549 1020 1617 1049 me
1654 1007 1756 1050 alla-

134 1068 186 1107 tis
225 1068 487 1120 argumentis
511 1097 524 1118 ,
579 1068 628 1108 ad
667 1068 745 1108 alia
783 1080 852 1107 me
888 1077 1046 1119 verto,
1090 1080 1224 1122 eaque
1261 1081 1316 1110 ex
1351 1069 1580 1126 analogia,
1624 1084 1754 1128 quam

132 1143 307 1185 vocant,
345 1133 587 1187 linguarum
625 1134 668 1173 in
704 1136 862 1187 genere
897 1133 1176 1187 speciatarum
1212 1135 1457 1189 repetenda.

325 1261 544 1303 Nimirum
599 1263 639 1304 in
679 1272 871 1304 naturam
923 1263 1112 1317 plurium
1156 1264 1400 1318 linguarum
1437 1278 1751 1321 europaearum

130 1326 348 1380 inquirens
371 1355 385 1377 7
420 1328 552 1368 incidi
587 1327 630 1367 in
671 1328 1013 1382 qualemcunque
1053 1328 1399 1370 obseruationem
1439 1331 1548 1372 hanc
1571 1362 1584 1384 .,
1624 1346 1753 1388 quam

129 1404 183 1432 ex
222 1391 520 1445 philosophiae
559 1392 781 1447 principiis
840 1393 965 1434 facile
1009 1394 1214 1447 exphcari
1268 1395 1384 1448 polse
1439 1396 1652 1438 arbitrer:
1705 1400 1750 1439 in

130 1456 300 1496 duobus
338 1458 492 1496 mentis
531 1459 814 1512 conceptibus
852 1459 1040 1499 inuicem
1077 1458 1331 1511 iungendis,
1368 1471 1478 1510 eum,
1518 1462 1589 1514 qui
1626 1461 1748 1515 plura

129 1520 293 1561 obieeta
328 1521 597 1574 amplectitur
621 1551 634 1573 .,
689 1536 769 1576 pro
805 1524 1040 1576 praecipuo
1077 1522 1257 1573 haberi,
1314 1532 1356 1563 et
1391 1524 1461 1564 vel
1497 1538 1574 1578 per
1609 1526 1747 1568 solum

131 1583 460 1637 subii-antinum,
515 1588 584 1627 vel
629 1586 775 1636 saltem
820 1587 848 1627 fi
885 1588 973 1627 duo
1016 1587 1267 1629 substantiua
1313 1587 1499 1629 inuicem
1544 1591 1748 1634 nestenda

134 1647 319 1697 suerint3
355 1664 431 1704 per
466 1650 768 1692 substantiuum
805 1652 991 1705 dirigens
1029 1653 1242 1706 exprimi,
1279 1652 1448 1694 alterum
1483 1667 1606 1707 vero,
1644 1670 1748 1709 pau-

133 1712 321 1752 cioribus
358 1715 533 1756 obieeiis
570 1727 927 1771 competentem,
981 1717 1177 1758 adiec‘tiui
1214 1718 1283 1758 vel
1320 1717 1561 1760 substantiui
1598 1721 1746 1763 diresti

131 1776 279 1817 locum
300 1776 508 1821 obtinere.
544 1780 614 1823 Sic
653 1786 785 1836 vulgo
821 1782 972 1822 vrbem
1009 1784 1118 1823 hanc
1153 1782 1222 1823 vel
1258 1782 1375 1824 illam
1409 1794 1585 1837 vocant,
1622 1800 1744 1841 mag-

131 1840 326 1892 nificam7
364 1843 431 1882 vel
468 1846 758 1900 metropolin,
795 1851 893 1902 quia
930 1848 1133 1888 nimirum
1167 1848 1305 1889 maior
1338 1848 1396 1890 est
1432 1862 1633 1892 numerus
1672 1865 1745 1893 vr·

133 1907 249 1946 bium
287 1919 458 1958 earum,
495 1921 599 1961 quae
638 1926 723 1952 non
761 1912 1013 1967 magnificae
1049 1916 1117 1954 {eu
1154 1913 1407 1968 principales
1445 1914 1573 1966 sunt,
1614 1929 1741 1970 quam

133 1984 303 2021 earum,
343 1985 450 2025 quae
488 1972 541 2013 fic
577 1978 720 2017 vocari
758 1979 942 2032 poi‘i'unt.
1013 1978 1151 2021 Simili
1189 1981 1325 2020 modo
1362 1981 1505 2020 dicant
1539 1980 1740 2036 princeps

130 2036 312 2087 haeres,
370 2036 490 2090 (quia
527 2039 668 2092 plures
707 2041 798 2084 sunt
832 2044 1045 2098 principes
1069 2074 1082 2095 7
1132 2045 1175 2085 in
1216 2058 1323 2098 quos
1368 2058 1454 2085 non
1492 2046 1741 2089 deuoluitur

128 2101 401 2155 imperium),
436 2104 607 2155 negotia
644 2107 827 2159 imperii¹>
866 2110 1118 2162 magnitudo
1155 2110 1310 2161 animi,
1347 2110 1465 2151 statio
1503 2112 1739 2166 praetoria,

130 2176 173 2206 et
208 2167 234 2205 i.
275 2180 314 2215 g.
352 2180 387 2206 a.
428 2165 560 2220 Quod
596 2167 623 2207 fi
661 2183 762 2211 vero
799 2174 906 2214 hanc
944 2175 1151 2229 loquendi
1189 2187 1376 2225 morem,
1413 2174 1485 2214 nisi
1516 2176 1737 2230 omnibus,

128 2231 323 2286 plurimis
361 2240 503 2272 tamen
539 2231 695 2288 linguis
729 2250 956 2294 proprium
991 2242 1070 2281 esse
1107 2239 1372 2281 statuendum
1408 2238 1554 2296 fuerit,
1587 2241 1630 2282 in
1654 2252 1738 2282 ter-

1656 2319 1738 2347 ml·-
