2007 2702
205 303 243 346 b.

763 209 912 225 --
946 190 1100 246 (292)
1133 209 1283 224 —-

281 301 321 344 h.
389 301 530 346 Scistio
569 303 709 357 cutis,
757 319 895 360 quae,
940 316 1145 361 quantum
1180 305 1496 362 epidermidem
1532 307 1704 350 crassitie
1742 309 1808 352 su-

400 381 538 423 peret,
574 381 759 425 apparet.

205 443 239 473 c.
273 432 314 473 d.
351 446 384 473 c.
420 435 459 475 d.
527 434 712 476 Stratum
758 436 1000 477 substantiae
1047 436 1339 488 subcutaneae,
1377 451 1398 478 a
1443 447 1539 479 cute
1575 436 1733 492 pariter
1767 447 1810 479 et

394 499 443 539 ab
480 499 602 553 adipe
640 500 843 551 diuersae,
882 502 1045 542 mediae
1081 502 1191 542 iuter
1221 513 1446 556 Vtramque
1478 512 1663 544 naturae.
1702 501 1809 543 Eius

398 562 559 604 scilicet
596 563 735 605 setun.
805 566 903 606 Hoc
941 566 1108 607 stratum
1145 566 1283 619 ipsum
1320 567 1361 605 in
1400 567 1484 606 duo
1520 580 1653 621 porro
1690 566 1810 608 strata

399 627 478 668 alia
514 627 693 667 diuisum
730 630 808 668 effe
844 630 1037 681 videtur,
1072 632 1258 671 exterius
1295 631 1492 685 alterum,
1531 633 1708 673 alterum
1745 631 1810 671 in-

400 699 545 730 terius.

378 753 564 794 Stratum
602 754 906 797 subcutaneum
943 757 1145 798 exterius.

389 817 574 859 Stratum
611 819 803 872 interius,
841 823 1103 876 aliquantum
1141 821 1343 863 exteriori
1380 822 1561 864 craffius.

202 765 236 793 c.
273 766 307 793 c.

203 816 242 856 d.
280 816 318 856 d.

197 891 236 999 jc.
263 893 306 1000 J.
377 882 530 935 Adipis
576 883 818 925 subcutauei
855 889 1014 940 portio.

201 1086 245 1127 g.

203 1138 243 1178 h.

203 1205 230 1245 i.

204 1330 242 1371 k.

203 1458 231 1500 l.

202 1600 240 1628 7Ιῖ
245 1619 253 1628 .

200 1730 240 1758 n.

327 943 366 1001 f.
437 947 636 988 Diuersae
675 950 823 1002 glebae
847 981 860 1002 ,
899 952 1050 1005 quibus
1089 951 1216 1005 adeps
1254 950 1449 1005 constat,
1487 949 1610 992 dense
1647 963 1808 993 concu-

401 1012 581 1052 mulatae
619 1023 660 1052 et
696 1016 966 1067 compressae.

313 1075 470 1117 Lineae
509 1077 726 1129 obscurae,
767 1079 919 1133 quibus
958 1080 1105 1134 glebae
1142 1093 1163 1122 a
1198 1079 1236 1121 se
1268 1080 1455 1121 inuicem
1478 1079 1801 1134 distinguuntur.

312 1140 535 1182 Veficulae
573 1143 721 1195 adipis.

301 1203 459 1246 Similis
498 1207 607 1247 linea
644 1207 837 1261 obscura,
876 1222 955 1263 qua
990 1209 1118 1264 adeps
1156 1223 1177 1251 a
1213 1209 1430 1250 substantia
1466 1209 1718 1251 subcutanea
1745 1207 1807 1249 di-

401 1270 635 1322 stinguitur.

279 1331 315 1372 k.
385 1332 613 1373 Eiusmodi
666 1334 810 1386 linea,
863 1348 942 1389 qua
989 1335 1095 1375 cutis
1133 1349 1154 1375 a
1189 1336 1406 1376 substantia
1453 1337 1707 1376 subcutanea
1744 1337 1809 1375 di-

397 1397 630 1449 stinguitur.

300 1459 529 1500 Eiusmodi
566 1461 693 1512 linea,
729 1461 797 1501 sed
836 1461 1087 1513 obsoletior,
1126 1475 1204 1516 qua
1235 1463 1420 1503 exterius
1450 1461 1689 1503 substantiae
1711 1460 1805 1502 sub-

399 1534 599 1566 cutaneae
637 1526 803 1566 stratum
842 1526 891 1566 ab
930 1526 1121 1566 interiori
1159 1527 1436 1580 distinguitur.

321 1589 477 1631 Lineae
516 1590 717 1630 obscurae
755 1589 1065 1643 obsoletiores,
1113 1591 1264 1644 quibus
1303 1591 1518 1632 substantia
1554 1589 1806 1630 subcutanea

396 1655 518 1694 fimili
558 1656 691 1695 motio
728 1668 772 1695 ac
810 1657 937 1708 adeps
974 1656 1014 1694 iu
1052 1656 1194 1708 glebas
1234 1656 1342 1708 quasi
1379 1654 1655 1706 distinguitur.

311 1717 506 1770 Globuli,
546 1720 615 1772 qui
653 1721 694 1759 iu
733 1719 950 1760 substantia
987 1719 1263 1769 subcutanea,
1300 1719 1358 1758 vti
1394 1718 1599 1758 vesiculae
1637 1717 1678 1756 in
1715 1715 1804 1757 adi-

392 1797 463 1838 pe,
486 1794 702 1838 apparent,
739 1785 806 1824 sed
843 1786 1022 1825 rariores
1060 1782 1426 1826 obsoletior-esque
1456 1792 1496 1821 et
1525 1781 1622 1822 albi.
1692 1780 1804 1821 Nul-

393 1850 483 1888 lum
521 1858 660 1889 tamen
697 1849 891 1899 dubium,
929 1849 1028 1900 quin
1067 1861 1189 1887 cauae
1228 1846 1336 1886 intus
1372 1847 1449 1886 fiut
1485 1846 1639 1899 pariter
1673 1855 1800 1897 atque

393 1913 597 1953 vesiculae
637 1913 767 1966 adipis
790 1943 802 1963 ,
839 1913 1165 1955 fluidioremque
1203 1911 1383 1964 aliquam
1422 1911 1639 1951 materiam
1662 1939 1675 1961 ,
1711 1922 1800 1949 ma-

391 1978 452 2029 gis
490 1979 558 2018 vel
595 1978 733 2017 minus
771 1978 959 2031 spissam,
997 1975 1254 2016 contineant.
1340 1976 1388 2016 In
1443 1975 1567 2016 strato
1604 1973 1798 2014 interiori

390 2040 650 2091 aliquantum
688 2043 934 2082 fiauescunt.

309 2100 486 2144 Globuli
523 2105 693 2154 fimile3,
729 2105 798 2146 sed
835 2105 1015 2146 obsoleti
1051 2112 1092 2144 et
1128 2105 1343 2146 obscurius
1380 2103 1553 2159 expressi
1593 2116 1717 2157 quam
1754 2101 1798 2142 in

399 2169 616 2210 substantia
653 2170 919 2221 subcutanea,
955 2178 997 2210 et
1030 2170 1266 2211 rudimenta
1303 2171 1590 2221 lineolarum,
1645 2167 1796 2219 quibus

390 2233 432 2272 in
470 2234 700 2275 moleculas
724 2264 737 2284 ,
783 2234 918 2288 glebis
956 2233 1132 2288 adipofis
1170 2236 1365 2290 analogas
1389 2264 1401 2288 ,
1436 2235 1542 2276 cutis
1579 2232 1796 2273 substantia

392 2297 521 2339 diuisa
557 2299 634 2339 esse
672 2300 854 2340 videtur.

1631 2360 1721 2413 Fig.
1747 2369 1787 2406 3.
