2007 2702
705 173 856 197 =-—
892 158 1046 214 (333)
1083 173 1233 191 --

163 285 231 324 re,
268 271 310 312 id
349 273 466 328 quod
505 285 559 314 ex
595 285 648 314 eo
685 271 832 314 videre
868 273 950 325 est,
985 274 1012 314 fi
1049 287 1129 315 vna
1163 273 1234 315 vel
1272 274 1376 316 duae
1411 277 1593 331 liquoris
1631 276 1772 319 destil-

163 337 288 379 lantis
327 340 571 390 drachmae,
606 338 685 380 vasi
724 339 890 378 cuidam
928 339 1076 393 patulo
1114 346 1157 379 et
1193 338 1395 380 calefacto
1432 343 1616 396 infusae,
1652 343 1774 385 flam-

165 415 233 444 ma
271 404 461 458 admota,
498 406 642 457 ignem
681 415 765 442 non
805 403 1074 457 concipiant5
1116 417 1201 457 quo
1240 403 1482 458 obseruato,
1518 418 1771 461 mutatoque

163 469 430 523 recipiente,
485 467 707 510 destillatio
746 467 1021 509 continuetur
1056 481 1109 508 eo
1152 481 1323 523 usque,
1369 469 1508 511 donec
1545 473 1652 514 nihil
1686 474 1773 514 iam

165 533 413 576 transiuerit.

352 630 387 683 ξ.
425 644 470 683 7.
539 629 728 671 Acetum
775 630 861 670 hoc
899 629 1188 681 destillatum‚
1240 641 1419 685 propter
1470 632 1773 687 particularum

162 695 818 750 spirituoso-inflammabilium
857 695 1088 746 defectum,
1130 695 1297 748 frigori⁷
1336 698 1402 737 cui
1439 697 1481 737 in
1518 698 1668 752 lagena
1705 701 1778 740 de-

160 773 249 802 nuo
285 761 595 815 exponendum
631 760 702 812 est,
745 772 857 799 nunc
898 773 1022 813 quam
1063 760 1264 800 facillime
1301 761 1476 814 obedit,
1511 762 1595 814 ita,
1631 773 1676 803 vt
1711 777 1780 805 re-

159 827 371 868 manentis
408 826 500 879 post
535 825 725 880 priorem
763 824 1114 877 congelationem
1152 838 1284 877 aquae
1323 828 1446 879 copia
1477 828 1661 868 maxima
1691 829 1777 869 iam

158 893 202 933 in
240 891 421 943 glaciem
460 891 594 931 abeat.
641 891 710 932 Sic
749 889 908 942 frigore
950 899 1036 933 180
1075 890 1283 942 graduum
1321 891 1453 931 scalae
1492 890 1775 934 Del⁷lslianae

161 957 267 998 aceti
324 955 500 998 alcohol
551 954 645 996 satis
701 954 752 996 ad
805 955 1001 996 medicos
1055 955 1148 994 vsus
1205 965 1530 997 concentratum
1589 958 1776 999 obtineri

158 1022 307 1077 potest.

354 1117 389 1170 ᾗ.
433 1127 471 1162 8.
540 1116 603 1158 At
639 1125 806 1158 acetum
852 1117 938 1158 hoc
992 1115 1157 1171 semper
1212 1119 1358 1161 odoris
1413 1121 1772 1174 empyreumatici

159 1191 201 1223 et
237 1180 358 1235 saepe
394 1182 493 1222 flaui
530 1182 690 1222 coloris
728 1183 807 1233 est.,
855 1182 1007 1236 quibus
1047 1185 1158 1223 vitiis
1196 1197 1413 1238 exponam
1469 1199 1549 1239 qua
1603 1187 1770 1228 ratione

161 1255 288 1301 queat
323 1246 509 1287 liberari.
578 1247 725 1287 Primo
760 1248 890 1300 igitur
926 1248 1081 1288 iteratis
1121 1249 1347 1302 aliquoties
1393 1251 1771 1293 reci-ificatiouibus

158 1324 212 1351 ex
250 1312 404 1351 mariae
442 1312 595 1351 balneo
634 1311 730 1351 bina
768 1312 837 1351 ista
877 1313 972 1352 viria
1019 1315 1178 1366 corrigi
1216 1314 1412 1366 poffuut:
1470 1315 1542 1355 vbi
1589 1316 1768 1370 quidem

155 1377 394 1417 notandum
432 1375 524 1428 est,
580 1375 652 1415 sub
705 1375 835 1415 finem
883 1377 1177 1430 cuiuscunque
1223 1378 1539 1420 reftificationis
1577 1381 1770 1422 summo-

153 1454 256 1496 pere
295 1440 435 1483 caucri
474 1440 655 1491 debere,
692 1453 761 1490 ne,
803 1442 921 1493 quod
958 1441 1039 1482 iam
1080 1442 1332 1483 destillatum
1372 1444 1428 1483 est
1465 1452 1663 1497 acetum,
1700 1446 1768 1487 in-

153 1507 357 1560 sequente
395 1505 562 1559 semper
607 1504 679 1545 sub
726 1504 854 1545 finem
909 1516 1232 1559 empyreumate
1289 1509 1432 1548 denuo
1485 1509 1769 1564 inquinetur3

156 1584 282 1624 quam
321 1571 377 1611 ob
415 1583 505 1610 rem
544 1571 628 1611 hoc
666 1580 863 1624 tempore
902 1571 1222 1624 receptaculum
1278 1573 1429 1613 mutari
1486 1576 1648 1615 necesse
1695 1576 1767 1617 est.

156 1634 527 1676 Rec'iificationum
582 1634 733 1675 harum
787 1635 904 1687 prior
957 1637 997 1675 in
1038 1638 1193 1677 mariae
1250 1636 1403 1678 balneo
1449 1639 1497 1679 ad
1535 1639 1769 1683 ficcitatem

156 1711 292 1752 Vsque
328 1700 504 1752 perduci
542 1712 628 1739 non
665 1699 824 1753 potest5
864 1701 960 1753 quia
997 1701 1173 1741 fixior-es
1210 1712 1348 1755 partes
1377 1706 1770 1756 empyreumatico-

161 1763 329 1804 oleosae
368 1764 595 1805 fortiffimis
633 1766 742 1805 aceti
780 1766 996 1819 particulis
1035 1766 1184 1806 intime
1222 1768 1363 1808 vnit-ae
1401 1767 1504 1809 fusci
1541 1772 1765 1824 magmatis

156 1828 231 1869 sub
270 1830 406 1868 forma
442 1828 483 1868 in
519 1839 679 1871 retorta
715 1841 953 1871 remanent.
1022 1831 1069 1871 In
1108 1831 1463 1885 subsequentibus
1500 1846 1605 1876 vero
1641 1837 1767 1877 rec'ti-

156 1892 428 1934 ficationibus
465 1904 630 1935 acetum
669 1908 756 1935 non
797 1895 870 1935 nifi
908 1898 1117 1938 maculam
1156 1896 1361 1947 relinquit
1397 1898 1567 1952 flauam,
1605 1913 1626 1942 a
1665 1914 1763 1957 qua,

157 1957 275 2000 finita
312 1971 563 2014 quacunque
599 1960 898 2014 destillatione,
936 1972 1143 2004 rerortam
1181 1963 1353 2017 purgari
1390 1974 1578 2019 oportet.

350 2087 384 2140 ᾗ.
421 2102 464 2139 9.
535 2088 654 2145 Quae
689 2092 790 2135 licet
825 2093 882 2135 ita
917 2093 955 2136 se
994 2094 1208 2145 habeant3
1257 2095 1419 2138 detedhi
1456 2105 1599 2139 tamen
1636 2109 1658 2138 a
1694 2108 1764 2137 me

156 2163 267 2193 anno
309 2161 425 2204 1785
466 2154 699 2198 carbonum
734 2159 798 2200 vis
836 2160 1233 2214 dephlogisticatrix
1271 2162 1356 2202 hoc
1395 2175 1570 2217 quoque
1617 2162 1659 2202 in
1698 2174 1766 2203 ca-

155 2216 216 2268 su,
253 2217 431 2271 perinde
470 2232 516 2259 ac
551 2219 593 2260 in
623 2224 845 2276 permultis
883 2225 994 2277 aliis,
1031 2225 1254 2279 egregium
1293 2226 1501 2280 praestare
1537 2226 1660 2268 vsum
1694 2240 1768 2268 va-

154 2282 245 2330 let3
300 2283 493 2326 taediosis
531 2284 732 2330 nimirum
769 2289 1014 2346 supradiffls
1052 2291 1431 2334 testificationibus
1483 2292 1641 2334 iterum
1685 2292 1766 2332 ite-

895 2354 940 2397 'l'
978 2365 995 2397 t
1031 2367 1054 2406 3
1648 2367 1765 2398 rum·-
