2007 2702
131 159 1742 206 &m

193 441 676 517 FORMVLIS
722 360 1676 516 DIFPPEJRENTIALIBV&

135 562 308 622 QVAE
355 564 468 607 PER
520 562 688 607 DVAS
742 563 1064 608 PLVRESVE
1118 562 1585 622 QVANTITATES
1633 563 1740 608 DA.

219 660 340 705 TAS
376 659 907 706 MVLTIPLICATAE
943 661 1140 706 FIANT
1177 660 1651 705 INTEGRABILES.

840 789 1034 835 Austore

719 885 766 929 L.
827 885 864 929 E
901 887 937 929 V
970 886 1003 929 L
1036 886 1073 928 E
1106 884 1160 928 R.

529 1045 717 1086 Conuent.
753 1044 890 1085 exhlb.
926 1045 989 1085 die
1030 1057 1048 1082 1
1090 1042 1168 1084 Iul.
1211 1046 1348 1094 1776.

876 1196 916 1250 ς.
957 1208 997 1236 ι.

127 1258 235 1355 ‚Iam
272 1311 434 1367 saepius
471 1309 687 1353 eiusmodi
723 1309 991 1365 quaestiones
1028 1309 1220 1363 tranant,
1247 1307 1404 1364 quibus
1442 1324 1598 1354 curuae
1632 1312 1753 1370 alge·
1825 1363 1827 1365 ¹

129 1379 294 1422 braicae
331 1376 643 1433 requiruntur,
699 1387 879 1432 quarum
928 1377 1160 1431 longitudo
1205 1389 1282 1431 per
1336 1377 1476 1419 datam
1513 1377 1747 1421 formulam

126 1443 379 1497 integralem
409 1442 687 1497 exprimatur.
743 1439 804 1483 Ita
839 1454 975 1497 nuper
1003 1441 1069 1495 (*)
1089 1441 1275 1483 infinitas
1305 1452 1455 1484 curuas
1486 1443 1744 1497 algebraicas

128 1509 235 1550 mihi
274 1509 448 1563 quidem
485 1508 682 1562 affignare
719 1505 865 1560 licuit,
906 1518 1084 1561 quarum
1121 1506 1353 1560 longitudo
1388 1506 1472 1548 fiue
1510 1520 1586 1562 per
1620 1521 1745 1551 arcus

127 1573 441 1625 Parabolicos.,
494 1572 577 1613 fiue
629 1570 898 1626 Ellipticos‚
958 1568 1190 1612 mensurari
1253 1579 1412 1626 queat;
1483 1580 1574 1613 tum
1637 1585 1743 1616 vero

128 1640 253 1681 etiam
289 1639 432 1693 plures
472 1637 569 1679 alias
608 1636 838 1690 formulas,
876 1633 1031 1691 quibus
1067 1634 1298 1689 longitudo
1335 1649 1489 1678 curuae
1525 1639 1743 1693 exprima-

128 1712 212 1757 tur,
246 1704 340 1745 satis
371 1703 485 1745 felici
513 1702 694 1744 succeffu
730 1700 820 1743 sum
856 1702 1142 1758 perscrutatus
1166 1700 1273 1755 (**).
1325 1700 1502 1744 Interim
1523 1712 1662 1745 tamen
1682 1718 1739 1749 ex

128 1768 193 1810 his
229 1769 428 1809 omnibus
467 1767 667 1809 concludi
707 1767 859 1821 debet,
895 1779 987 1808 eam
1022 1765 1262 1819 Analyseos
1298 1776 1480 1820 partem,
1516 1768 1567 1810 ad
1606 1782 1736 1823 quam

127 1832 377 1874 huiusmodi
414 1833 676 1887 quaestiones
714 1833 808 1874 suut
841 1832 1108 1884 referendae,
1145 1830 1323 1872 minime
1359 1832 1498 1875 adhuc
1536 1834 1616 1875 effe
1638 1834 1732 1877 satis

130 1898 376 1951 excultam,
411 1908 537 1952 atque
573 1900 680 1940 adeo
717 1899 961 1940 etiamnunc
1016 1896 1125 1952 quafi
1162 1896 1298 1951 prima
1335 1897 1541 1953 principia
1576 1899 1734 1954 latere,

130 1962 240 2003 vnde
276 1963 524 2004 huiusmodi
563 1963 855 2017 quaestionum
891 1962 1151 2005 solutionem
1188 1962 1276 2016 peti
1313 1973 1525 2016 oporteat.
1595 1963 1735 2006 Pluri-

129 2038 248 2067 mum
276 2028 403 2080 igitur
438 2029 486 2070 ad
525 2028 630 2069 fines
657 2028 894 2081 Analyseos
925 2027 1256 2084 promouendos
1280 2028 1477 2070 conferre
1499 2031 1738 2084 putandum

130 2091 202 2138 est,
239 2090 266 2130 fi
303 2093 385 2132 hoc
421 2103 719 2148 argumentum
758 2094 1015 2139 Geometrae
1053 2093 1173 2135 omni
1200 2104 1298 2134 cura
1328 2093 1504 2136 vlterIus
1531 2093 1736 2151 prosequi

130 2155 426 2211 dignabuntur.

901 2225 1010 2269 A2
1617 2224 1653 2279 ς.
1693 2238 1734 2267 2.

204 2306 270 2353 (2)
324 2310 361 2342 C.
386 2309 474 2347 Nov.
501 2311 572 2347 Αᾶ.
600 2311 699 2348 Acad.
725 2313 831 2348 Tom.
859 2315 902 2351 V.
927 2324 989 2360 pro
1020 2313 1118 2346 Anno
1145 2304 1226 2352 178⁴!ss

203 2357 288 2406 (θ’)
339 2358 379 2397 C.
407 2364 495 2401 Nov.
521 2361 600 2401 Αὸἱ.
625 2361 723 2399 Acad.
749 2363 856 2398 Tom.
886 2364 942 2397 VI.
967 2374 1030 2410 pro
1057 2363 1157 2398 Anno
1185 2369 1278 2405 1788·
