2007 2702
719 232 871 240 ---
906 197 1061 255 (335)
1095 213 1248 226 --·

179 321 292 362 ditus
330 317 576 375 spirituosus
613 317 759 372 liquor
794 318 837 359 in
873 329 1018 359 veram
1055 315 1143 358 abit
1177 313 1284 356 aceti
1321 315 1572 371 naphtham‚
1611 329 1718 372 quae
1744 317 1790 360 vi

179 386 363 428 eximiae
403 384 664 427 volatilitatis
702 384 796 425 suae
834 383 967 425 statim
1005 381 1077 423 sub
1108 379 1400 422 destinationis
1437 382 1560 425 initio
1595 383 1789 424 citiffime

179 452 354 504 transit,
391 462 432 492 et
467 461 605 505 partes
644 449 890 503 tingentes,
928 448 1082 504 quibus
1120 456 1289 488 acetum
1326 446 1521 488 colorem
1558 448 1676 489 suum
1712 449 1789 490 fla-

177 530 282 558 uum
320 517 480 567 debet,
517 525 601 555 tam
637 513 825 568 perfecte
861 515 1002 556 secum
1041 513 1150 567 rapit
1186 525 1367 562 omnes,
1404 521 1451 552 vt
1488 511 1709 566 insequens
1746 513 1787 555 ei

175 584 286 624 aceti
324 579 500 624 alcohol
523 609 536 631 ‚
575 590 739 622 mutato
775 581 1017 636 excipulo.‚
1063 579 1116 620 ad
1153 578 1289 633 ipsum
1327 576 1619 619 destillationis
1655 578 1789 620 finem

172 659 309 702 vsque
346 647 446 686 statu
504 659 629 700 quam
684 647 903 700 puriffimo
941 644 1356 698 limpidiffimoque‚
1411 655 1544 697 aquae
1581 642 1632 683 ad
1668 643 1788 685 instar

171 712 333 765 absque
371 710 461 751 vllo
499 711 666 762 colore,
704 711 963 752 obtineatur.
1021 709 1107 765 Qui
1146 710 1322 762 quidem
1366 706 1584 760 singularis
1631 716 1674 747 et
1709 720 1791 761 op-

169 786 277 818 tatus
314 776 488 817 effeetus
527 777 596 817 etti
637 776 759 830 plane
798 788 1015 829 nunquam
1055 775 1196 815 fallit:
1253 773 1473 814 interdum
1511 780 1680 824 tamen,
1716 771 1788 813 sed

164 854 280 893 raro,
318 841 381 892 fit,
420 852 466 882 vt
501 843 685 882 adiectus
727 840 969 896 spirituosus
1008 841 1154 894 liquor
1191 838 1327 894 prima
1364 839 1443 879 hac
1479 836 1787 878 rectificatione

162 919 308 949 veram
348 906 562 960 naphthae
600 917 789 947 naturam
831 906 1024 946 nondum
1064 904 1368 958 acquifiuerit.,
1425 915 1513 957 quo
1560 902 1653 943 casu
1691 915 1789 956 par·

164 971 271 1012 tium
315 971 572 1024 tingentium
609 972 660 1012 ab
697 983 819 1012 aceto
858 971 1064 1025 separatio
1101 970 1250 1011 locum
1305 967 1422 1023 prius
1478 980 1565 1008 non
1621 966 1786 1019 habet,

162 1037 262 1089 nifi,
300 1036 552 1078 transtiilatis
590 1037 792 1078 omnibus
829 1036 1061 1091 particulis*
1087 1034 1315 1089 spirituosis
1337 1063 1350 1084 .,
1388 1043 1431 1074 et
1465 1031 1704 1074 remanenti
1738 1031 1784 1074 in

159 1112 323 1144 retorta
359 1112 482 1143 aceto
521 1103 664 1143 denuo
701 1102 857 1155 affuffl,
893 1103 1073 1157 repetita
1110 1099 1239 1141 fuerit
1275 1098 1517 1141 destillatio.

357 1230 393 1285 ᾗ.
435 1244 505 1271 11.
575 1231 818 1286 Spontanea
854 1233 960 1274 haec
996 1244 1121 1273 verae
1158 1230 1266 1272 aceti
1302 1230 1517 1285 naphthae
1555 1227 1779 1281 formatio,

159 1308 272 1336 anno
300 1299 419 1347 1786
455 1310 475 1336 a
512 1309 579 1336 me
619 1298 798 1347 detec'm,
837 1298 916 1337 cel.
942 1298 1127 1338 Scheelii
1153 1296 1381 1337 sententiae
1403 1295 1573 1349 prorsus
1598 1295 1654 1335 est
1675 1307 1782 1335 con-

156 1360 306 1411 traria,
350 1374 429 1414 qua
466 1361 574 1401 aceti
613 1363 846 1415 naphtham
886 1363 985 1402 oriri
1026 1375 1111 1402 non
1149 1361 1290 1415 poffe,
1328 1360 1400 1400 nifi
1437 1360 1655 1413 praesente
1693 1359 1780 1400 aci·

157 1426 215 1466 do
255 1426 444 1479 quodam
483 1427 697 1468 mineralis
735 1426 954 1481 prosapiae
991 1427 1144 1468 statuit.
1216 1427 1385 1478 (chm.
1432 1428 1598 1467 manaim
1656 1432 1782 1475 1784-

156 1489 231 1534 &a
276 1503 345 1530 ro.
383 1490 443 1534 Ξ.
481 1493 625 1543 342).
700 1492 854 1546 Neque
911 1493 1051 1532 minus
1108 1491 1160 1531 cl.
1205 1490 1582 1544 pharmacopoeus
1634 1487 1778 1541 Voigt

155 1554 440 1608 (Qaftbenbucs)
476 1552 535 1606 fin·
554 1554 861 1607 &theibefimfflet'
902 1566 1036 1608 1783.
1077 1555 1136 1600 (ὅ.
1176 1555 1239 1607 2)
1278 1566 1361 1596 tam
1399 1566 1453 1594 ex
1474 1563 1615 1603 aceto,
1654 1553 1776 1607 quod

156 1632 232 1672 per
268 1633 425 1660 nouam
465 1621 843 1662 fermentationem
880 1621 1034 1662 refidui
1073 1620 1249 1661 cremati
1289 1618 1494 1660 frumenti
1530 1617 1604 1657 fibi
1652 1630 1777 1658 com-

154 1684 352 1736 parauit,
409 1698 534 1738 quam
574 1699 627 1726 ex
664 1687 843 1727 duarum
882 1686 1175 1727 mensurarum
1212 1686 1318 1725 aceti
1355 1695 1591 1739 pomorum
1628 1682 1775 1736 gallici

158 1760 256 1787 cum
298 1756 319 1791 8
358 1748 523 1801 spiritus
561 1751 887 1792 redtificatifiimi
931 1752 1067 1793 vnclis
1106 1750 1319 1791 mixtione
1373 1748 1581 1801 insignem
1637 1748 1774 1802 naph-

156 1812 253 1852 thae
294 1812 460 1864 copiam
499 1815 780 1858 destillatione
819 1817 1039 1866 obtinuit;
1090 1816 1132 1856 id
1173 1817 1325 1869 quod,
1362 1827 1414 1855 ne
1453 1813 1773 1854 concentratio-

154 1889 254 1916 nem
292 1877 465 1930 quidem
508 1881 556 1921 ad
600 1884 924 1934 producendam
975 1881 1212 1939 naphtham
1263 1879 1534 1922 essentialiter
1587 1877 1772 1920 necessa-

155 1941 261 1982 riam
297 1942 394 1995 effe,
434 1944 704 1988 demonstrat.

349 2071 385 2126 ᾗ·
428 2084 498 2112 12·
565 2075 692 2118 Aceti
729 2077 919 2133 naphtha
962 2079 1176 2135 principio
1220 2078 1296 2119 isto
1340 2076 1454 2118 flauo
1509 2074 1636 2116 tinsta
1689 2073 1770 2115 fin-

153 2138 300 2192 gulssre
338 2137 380 2177 id
404 2137 547 2191 habet,
586 2145 700 2195 quod
738 2145 936 2186 colorem
972 2146 1092 2186 suum
1129 2158 1261 2187 aureo
1283 2143 1459 2191 flauum„
1499 2141 1597 2181 solis
1629 2152 1769 2192 expo-

148 2204 221 2245 fitss
257 2202 402 2254 radii&
439 2202 526 2243 cito
563 2212 730 2259 prorius
769 2210 956 2259 amittit5
995 2211 1187 2251 amiffum
1224 2207 1409 2249 tenebris
1448 2205 1662 2259 exposita„
1701 2217 1766 2244 re·

151 2279 341 2323 cuperat.
381 2267 587 2309 Ceterum
624 2273 743 2314 nullo
782 2276 1006 2332 hucusque
1043 2275 1223 2318 artificio
1260 2271 1520 2329 principium
1549 2271 1657 2311 illud
1686 2269 1768 2309 tin-

148 2347 254 2390 gens
292 2333 507 2390 naphthae
543 2335 728 2379 adimere
765 2342 906 2395 potui.
976 2342 1047 2386 Sic
1085 2352 1256 2385 acetum
1293 2350 1469 2394 quoque
1513 2336 1629 2379 flauo
1677 2333 1763 2374 hoc

1612 2397 1763 2441 colore
