2007 2702
797 182 1256 244 ==(4)==

420 305 456 358 ᾗ.
497 317 538 344 2.
607 302 792 358 Quando
829 313 970 345 autem
1008 304 1192 358 quaestio
1228 301 1483 359 proponitur
1504 302 1554 343 de
1581 302 1719 344 curuis
1743 302 1824 346 AI-

226 370 433 426 gebraicis
469 369 736 409 inuenieudis
758 398 771 420 .,
825 381 1002 421 quarum
1038 370 1300 410 elementum
1336 367 1604 408 indefinitum
1643 367 1825 410 formula

227 433 494 476 differentiali
532 433 709 487 quadam
746 432 999 487 praescripta
1035 430 1096 474 bs
1132 435 1409 488 exprimatur,
1441 443 1578 474 totum
1603 432 1827 486 negotium

227 511 282 540 eo
318 498 548 549 reducitur,
584 507 631 539 vt
665 497 842 551 angulus
880 498 1091 551 quispiam
1126 495 1168 550 Φ
1200 498 1490 551 inuestigetur,
1530 510 1586 538 ex
1624 510 1709 550 quo
1746 497 1826 537 hae

227 564 333 603 duae
379 562 587 603 formulae
634 561 932 602 differentiales
971 559 1122 602 dsfin.
1143 559 1184 614 Φ
1219 572 1262 604 et
1296 561 1458 604 oscos.
1479 557 1520 612 Φ
1554 561 1835 616 integrabiles-

227 618 419 668 euadant.
505 626 625 681 Quae
672 626 938 678 inuestigatio
976 638 1072 666 cum
1110 627 1153 666 in
1189 640 1343 680 genere
1380 639 1431 666 ne
1468 625 1613 680 suscipi
1654 625 1828 680 quidem

228 701 387 745 queat,
439 690 726 746 quaestionem
763 690 971 731 inuersam
1009 691 1242 732 accuratius
1281 690 1460 731 traetaffe
1496 690 1692 741 iuuabit,
1746 702 1828 743 qua

228 769 378 796 omnes
415 768 487 796 eae
526 754 734 794 formulae
773 754 1073 795 differentiales
1121 756 1433 811 exquiruntur,
1489 768 1595 809 quae
1632 764 1715 795 tam
1751 766 1829 807 per

226 816 361 871 sima>
416 831 541 872 quam
592 831 669 872 per
714 814 860 869 εοίῖΦ
903 818 1208 870 multiplicatae
1256 820 1485 859 reddantur
1522 817 1829 872 integrabiles‚

227 885 347 925 cuius
383 883 588 924 resolutio
625 895 723 923 cum
761 881 877 922 nulla
912 882 1093 936 amplius
1129 882 1295 924 laboret
1331 881 1608 932 difficultate,
1655 894 1748 922 earn
1783 881 1830 921 in

224 948 366 990 latiori
404 947 518 988 sensu
556 955 773 1000 acceptam
810 945 1080 996 euohxamus,
1118 959 1203 998 quo
1240 947 1342 987 loco
1380 945 1662 986 formularum
1697 941 1831 996 fiu.<D

229 1023 273 1053 et
316 1008 461 1062 εοίῖΦ
505 1011 606 1052 aliae
663 1010 916 1064 quantitates
974 1022 1252 1063 quaecunque
1307 1019 1620 1063 proponuntur.
1711 1009 1830 1064 Quin

227 1078 355 1118 etiam
399 1076 514 1116 istam
561 1074 847 1127 quaestionem
892 1074 942 1113 ad
981 1083 1064 1113 tres
1101 1074 1298 1127 pluresue
1335 1073 1583 1113 huiusmodi
1622 1073 1829 1125 quantita-

228 1149 290 1181 tes
328 1140 622 1180 extendamus.
693 1138 948 1193 Quanquam
987 1146 1128 1178 autem
1166 1137 1421 1178 methodum
1450 1137 1698 1177 huiusmodi
1727 1150 1828 1190 pro-

231 1205 414 1245 blemata
451 1203 643 1243 soluendi
680 1205 763 1242 iam
808 1212 901 1242 ante
944 1202 1188 1254 complures
1234 1214 1365 1241 annos
1409 1201 1693 1252 adumbraui,
1748 1212 1830 1254 qua

231 1282 345 1310 noua
383 1267 586 1320 quaedam
623 1278 715 1318 pars
753 1264 988 1314 Aualyseos
1012 1263 1300 1315 Infinitorum,
1341 1277 1466 1317 quam
1485 1265 1830 1306 indeterminatam

232 1332 445 1387 appellare
481 1330 622 1379 liceat,
660 1328 854 1370 constitui
891 1328 946 1368 est
981 1328 1203 1380 censenda,
1239 1338 1378 1369 tamen
1417 1328 1617 1383 quoniam
1647 1328 1731 1367 hoc
1760 1340 1825 1367 ar—

232 1406 486 1452 gumentum
531 1403 620 1434 tum
663 1393 788 1434 nimis
830 1392 1083 1446 generaliter
1127 1392 1182 1433 est
1218 1393 1473 1443 traciarum,
1525 1404 1636 1432 nunc
1672 1403 1831 1443 operae

234 1462 418 1515 pretium
461 1459 541 1499 erit
573 1457 617 1498 id
651 1456 803 1499 maiori
839 1470 936 1498 cura
970 1456 1147 1512 propius
1185 1456 1235 1497 ad
1269 1457 1461 1512 praesens
1494 1456 1727 1497 institutum
1761 1467 1834 1509 ac-¹

235 1524 527 1567 commodare.

855 1581 1152 1641 Problema
1195 1604 1236 1645 1.

428 1682 670 1738 Inuessl'gare
712 1694 841 1724 omnes
873 1681 1075 1738 formulas
1108 1680 1388 1736 dzffirentiales
1406 1709 1420 1733 ‚
1472 1692 1569 1734 quae
1599 1686 1674 1734 per
1707 1680 1829 1723 datas

235 1748 336 1790 duas
368 1750 607 1802 quantitates
636 1748 861 1803 propqsttas
895 1745 1183 1801 multiplicatae
1217 1745 1432 1787 reddantur
1459 1743 1732 1800 integrabiles.

926 1872 1160 1932 SolutiO.

433 1974 469 2027 ξ.
509 1987 549 2024 3.
616 1973 897 2028 Defignemus
950 1974 1179 2015 formulam
1232 1970 1558 2013 differentialem
1605 1969 1831 2025 quaesitam

242 2037 474 2079 charactere
519 2037 654 2090 BW,
708 2039 869 2093 sintque
900 2045 929 2091 p
965 2048 1008 2079 et
1040 2051 1064 2092 q
1100 2036 1186 2077 bini
1221 2035 1283 2076 illi
1322 2037 1673 2090 multiplicatores
1711 2035 1832 2086 dati,

243 2102 394 2154 quibus
431 2102 534 2144 haec
572 2103 755 2144 formula
790 2103 1049 2156 integi-abilis
1085 2100 1203 2142 reddi
1240 2100 1413 2148 debeat3
1450 2101 1505 2141 ita
1540 2110 1586 2140 vt
1612 2100 1689 2141 hae
1723 2100 1831 2140 duae

243 2165 453 2207 formulae
488 2168 739 2221 integrales:
766 2166 837 2220 sp
858 2164 962 2208 &W
997 2176 1039 2208 et
1062 2164 1131 2219 sq
1154 2162 1256 2206 &W
1291 2165 1471 2206 euadant
1504 2164 1753 2217 quantitates
1773 2161 1834 2202 al-

240 2228 475 2283 gebraicae.
544 2231 767 2272 Denotent
810 2232 939 2285 igitur
974 2231 1005 2271 P
1041 2240 1082 2271 et
1118 2229 1164 2284 Q
1202 2229 1291 2270 istas
1341 2229 1589 2283 quantitates
1626 2224 1831 2281 algebrai-

243 2305 310 2335 cas
331 2315 353 2348 5
397 2303 443 2336 vt
475 2294 524 2336 fit
545 2293 614 2351 sp
636 2293 870 2339 &Wr-P
906 2304 949 2338 et
971 2294 1040 2351 sq
1062 2291 1246 2339 dW:
1268 2293 1336 2351 Q,
1371 2302 1497 2350 atque
1532 2293 1632 2336 hinc
1668 2289 1830 2344 duplici

471 2366 473 2368 ’
1737 2366 1834 2396 mo-
