2007 2702
693 213 845 240 Ξ
878 197 1033 256 (341)
1066 215 1221 242 Ξ..

152 318 320 375 glaciali
357 316 620 372 aequiparari
659 318 799 372 possit,
835 316 940 357 mihi
978 317 1202 371 cognitum
1238 316 1311 368 est,
1349 332 1453 371 qnae
1494 324 1668 373 quidem
1687 337 1761 368 vg..

153 387 278 426 rietus
315 394 358 425 et
392 384 601 437 elegantia
637 396 690 423 ex
726 383 856 423 nimia
893 382 1000 422 acidi
1047 382 1156 422 aceti
1191 381 1447 423 volatilitate
1484 401 1617 441 aeque
1641 419 1653 441 ,
1707 403 1756 432 π

152 463 207 490 ex
245 449 445 490 facillima
481 447 605 501 ipsius
642 446 915 500 liquescentia
953 447 1169 500 originem
1205 446 1394 499 repetit,
1446 461 1526 500 qna
1560 453 1608 492 fit
1641 463 1758 495 vtra-

151 528 251 568 que,
289 524 334 554 vt
368 514 665 567 phaenomena
702 514 821 562 haec,
861 512 1031 564 quoties
1069 511 1295 565 placuerit,
1333 513 1444 552 inter
1481 513 1608 556 breue
1644 528 1755 558 tem-

148 593 229 634 pus
266 577 459 619 reuocari
499 586 690 629 queant⁷
734 590 830 616 cum
870 589 1075 616 manuum
1112 576 1230 617 calor
1265 576 1598 631 liquescentiae‚
1641 583 1756 624 calor

153 656 237 694 135
278 643 489 697 graduum
527 640 859 693 crystallis-moni
895 640 1087 681 sufficiat.

341 770 378 824 ξ.
420 781 492 820 25.
561 770 678 811 Inter
714 771 821 812 aceti
859 769 1047 825 glacialis
1087 770 1483 823 crystallisationem
1538 779 1584 813 et
1627 785 1762 828 aquae

144 835 497 890 congelationem
533 837 638 877 mira
675 835 910 876 similitudo
947 837 1202 890 intercedit,
1239 850 1374 890 eaque
1410 837 1453 878 in
1482 838 1759 891 sequentibus

144 901 405 956 potissimum
441 901 753 955 phaenomenis
793 900 1010 941 cernitur:

240 1029 288 1085 a)
324 1030 371 1071 In
417 1030 530 1071 vitro
583 1031 718 1084 probe
774 1030 915 1072 clauso
969 1030 1137 1072 acidum
1196 1031 1316 1083 hoc,
1375 1030 1546 1085 frigoris
1605 1031 1755 1085 gradui

339 1109 466 1148 quam
514 1095 555 1135 in
592 1096 731 1137 libero
770 1099 900 1147 aere,
953 1097 1084 1149 longe
1142 1097 1294 1137 maiori
1348 1096 1510 1150 absque
1571 1110 1660 1148 ρο,
1714 1105 1762 1137 vt

339 1159 657 1211 crystallisetur‚
695 1161 935 1201 sustinendo
971 1175 1043 1214 par
1079 1159 1158 1207 est3
1199 1162 1295 1201 vitri
1335 1171 1477 1202 autem
1514 1160 1755 1203 concuffio-

335 1237 423 1276 ne,
468 1225 572 1276 vel,
631 1227 747 1279 quod
784 1226 994 1279 praestat,
1030 1224 1206 1266 admisso
1243 1226 1363 1267 fimul
1400 1230 1493 1267 a'c're
1530 1238 1748 1278 extern0‚

333 1302 411 1343 per
447 1301 622 1329 omnem
646 1318 659 1341 ,
701 1300 852 1345 quanta
889 1290 980 1342 est,
1015 1291 1185 1330 massam
1221 1290 1335 1331 suam
1380 1292 1605 1346 extemplo
1642 1303 1743 1332 coa-

334 1353 518 1408 gulatur.

235 1448 282 1504 b)
322 1447 629 1503 Crystallisatio
667 1450 811 1504 aceti,
866 1451 894 1493 fi
931 1451 1136 1507 paulatin]
1173 1451 1244 1505 fit,
1279 1450 1452 1493 ramofis
1490 1451 1746 1507 ferratisque

330 1514 498 1569 figuris,
535 1529 594 1559 ex
626 1516 724 1557 vitri
758 1517 961 1558 lateribus
1000 1518 1218 1571 liquorem
1255 1517 1633 1570 transmeantibus,
1666 1531 1746 1573 pe·

329 1580 452 1621 xinde
489 1593 536 1621 ac
573 1594 705 1635 aquae
744 1582 992 1635 congelatio
1016 1611 1029 1634 ‚
1065 1581 1231 1636 incipit.

238 1674 279 1729 c)
314 1676 412 1718 Hoc
448 1677 490 1718 in
528 1678 621 1719 casu
659 1677 766 1719 aceti
803 1678 1050 1734 superficies
1089 1680 1207 1721 tenui
1251 1686 1295 1718 et
1328 1677 1440 1719 laeui
1479 1677 1611 1721 crusta
1646 1678 1742 1735 spe-

332 1741 461 1783 culari
493 1742 535 1784 se
571 1743 725 1784 induit.

235 1837 284 1892 d>
319 1837 469 1881 Latera
511 1841 717 1883 interiora
755 1853 914 1883 vacuae
957 1840 1056 1883 vitri
1099 1840 1228 1896 partis
1275 1840 1493 1882 interdum
1537 1841 1742 1895 pulcher·

330 1902 457 1944 rimas
492 1906 822 1947 ramificationes
860 1907 1115 1958 crystallinas
1154 1906 1279 1948 variis
1316 1905 1464 1960 figuris
1485 1906 1741 1960 stellaribus,

333 1968 477 2021 quales
514 1970 712 2013 fenestrae
749 1971 941 2014 offerunt
975 1972 1152 2014 hiemali
1189 1982 1421 2026 tempore,
1463 1971 1741 2028 interspersa&

331 2032 568 2075 ostendunt.

234 2129 274 2183 e)
312 2129 455 2170 Aceto
490 2130 654 2184 glaciali
689 2134 732 2175 in
755 2134 973 2187 crystallos
1012 2137 1231 2180 abeunte:
1268 2135 1374 2176 a'e‘ris
1412 2134 1525 2176 haud
1565 2133 1739 2188 exigua,

330 2203 456 2248 atque
492 2197 601 2237 adeo
638 2212 720 2251 ea,
777 2215 882 2256 quae
920 2203 964 2242 in
1002 2216 1136 2257 aquae
1181 2199 1485 2253 congelatione
1538 2198 1739 2240 obserua-

330 2268 433 2311 tur,
483 2259 614 2314 longe
665 2266 801 2308 maior
854 2267 1015 2322 copia,
1070 2266 1285 2310 bullarum
1331 2277 1562 2322 paruarum
1598 2265 1740 2305 forma

327 2324 598 2379 conspicitur.

871 2395 917 2438 V
950 2407 978 2436 v
1015 2407 1040 2445 3
1588 2391 1735 2444 Atque
