2007 2702
678 218 832 233 -····
865 199 1022 259 (297)
1055 215 1209 231 -··

737 310 1136 373 Dimenfiones

538 410 820 464 Secundum
854 408 1035 475 Pedem
1069 408 1345 461 Parifinum.

132 551 386 608 Longitudo
421 546 554 589 totius
591 544 714 601 piscis
751 545 804 587 ab
840 546 959 600 apice
996 543 1116 587 rostri
1154 544 1204 586 ad
1241 552 1488 586 extremum
1527 481 1633 535 poll.
1668 483 1747 528 lm.

328 614 483 658 caudae
583 633 603 641 -
734 632 756 642 -
887 633 907 641 -
1048 633 1068 642 -
1215 631 1236 640 -
1384 631 1406 640 -
1562 623 1614 650 11
1707 621 1747 659 3,

197 707 300 714 --
365 680 417 721 ab
454 678 575 733 apice
610 675 731 718 rostri
768 675 818 716 ad
856 674 1011 716 oculos
1111 697 1132 705 -
1229 695 1250 705 -
1348 696 1369 706 -
1467 696 1489 707 -
1587 697 1608 708 -
1711 689 1752 717 2,

195 770 300 785 -ψ-
398 767 502 773 ——
601 765 706 771 —-
772 740 823 782 ad
860 740 1041 795 angulos
1079 741 1164 781 oris
1266 759 1286 769 -
1384 760 1405 769 -
1503 760 1525 771 -
1621 761 1642 771 -
1711 744 1755 783 6.

195 832 300 840 -—
393 830 498 837 -—
595 830 701 836 —-
769 805 819 847 ad
858 805 1044 846 nucham
1162 826 1183 834 -
1319 825 1337 835 ·
1467 825 1488 836 ·
1618 826 1638 836 -
1709 815 1750 851 8.

195 899 298 907 —-
397 896 503 902 —-
599 894 704 902 —
771 871 821 912 ad
858 870 1090 911 exordium
1127 868 1282 923 pinnae
1327 868 1458 910 dorfis
1596 883 1616 910 1
1707 881 1750 920 ς.

192 964 297 972 -—-
395 961 500 969 ——-
596 957 702 965 ——-
832 957 939 964 ——-
1068 957 1175 963 ——-
1324 934 1391 974 ani
1595 946 1635 985 5.
1708 948 1750 977 2.

193 1028 298 1035 -——
395 1025 502 1035 -———
598 1022 703 1029 -—
770 1000 821 1042 ad
859 1009 1075 1055 aperturas
1114 998 1414 1041 branchiarum
1593 1013 1632 1041 1.
1708 1014 1748 1041 1.

193 1093 300 1101 ——
397 1091 502 1097 ———
598 1088 705 1094 —
772 1066 823 1107 ad
860 1080 990 1107 anum
1124 1087 1143 1095 -
1283 1086 1304 1095 -
1440 1084 1462 1096 ο
1591 1078 1632 1116 5.
1708 1079 1747 1107 1.

194 1157 300 1165 ——-
367 1130 578 1172 Maxillae
615 1128 843 1183 superioris
881 1144 979 1186 prae
1015 1129 1223 1171 inferiore
1323 1151 1344 1160 -
1455 1149 1475 1159 -
1589 1153 1609 1162 -
1706 1144 1746 1172 1.

130 1196 492 1242 Circumferentia
527 1195 647 1237 rostri
686 1197 737 1236 ad
774 1197 927 1237 oculos
1058 1217 1079 1226 -
1209 1216 1230 1226 -
1378 1213 1398 1222 -
1549 1217 1568 1226 -
1700 1212 1743 1249 4.

191 1287 297 1294 ---
363 1285 467 1291 —-
534 1260 683 1315 capitis
720 1261 769 1302 ad
808 1261 992 1302 nucham
1125 1281 1146 1290 -
1277 1280 1297 1290 -
1425 1277 1448 1290 ο
1579 1281 1600 1291 -
1703 1271 1743 1308 8.

192 1351 298 1357 -—
362 1349 465 1357 -——-
536 1326 676 1366 trunci
712 1325 872 1380 vbique
909 1323 1114 1379 aequalis,
1153 1322 1225 1364 fed
1262 1323 1331 1365 hic
1368 1324 1498 1379 paulo

712 1391 805 1445 post
839 1400 1052 1446 aperturas
1092 1390 1226 1430 sumta
1359 1412 1378 1420 -
1517 1411 1538 1420 -
1673 1403 1744 1431 10.

127 1456 381 1514 Longitudo
416 1455 574 1510 pinnae
611 1454 786 1498 dorsalis
920 1479 941 1487 -
1072 1475 1094 1486 -·
1245 1474 1263 1484 -
1414 1475 1435 1483 -
1584 1468 1628 1505 9.
1701 1467 1742 1504 3.

190 1548 295 1555 -—-
428 1544 533 1549 -
632 1521 761 1561 analis
893 1541 914 1551 -
1045 1541 1066 1550 -
1195 1541 1217 1550 -
1347 1539 1367 1549 -
1485 1540 1504 1549 -
1589 1530 1629 1568 5¹.
1702 1532 1742 1569 5.

191 1611 296 1618 -—-
394 1586 446 1629 ab
482 1599 564 1628 ano
599 1585 650 1627 ad
687 1595 933 1628 extremum
972 1585 1130 1626 caudae
1262 1602 1287 1616 ι·
1431 1603 1452 1613 -
1584 1586 1627 1624 6.
1698 1586 1741 1626 6.

762 1710 1100 1793 DestriptiO.

327 1809 479 1865 Corpus
514 1812 830 1865 cylindricum‚
868 1813 1163 1868 alepidotum‚
1199 1810 1434 1863 lubricum,
1470 1810 1741 1855 extremitate

133 1878 262 1922 altera
301 1877 466 1929 conica,
502 1879 631 1920 altera
667 1877 1177 1933 compreffo-cuspidata.
1249 1874 1383 1930 Caput
1414 1876 1743 1932 {ubrotundum‚

134 1942 392 1985 descendens
429 1955 450 1981 a
484 1945 621 1985 nucha
656 1954 700 1984 et
734 1944 831 1998 gula
877 1944 1024 1985 senfim
1071 1945 1112 1983 in
1158 1942 1340 1984 rostrum
1384 1941 1744 1997 elongato-acu-

132 2010 375 2058 minatum,
416 2007 613 2048 conicum
636 2038 650 2061 .,
685 2010 921 2050 orbitarum
960 2008 1274 2050 eleuationibus
1311 2007 1410 2047 solis
1448 2021 1597 2061 parum
1635 2008 1744 2050 emi-

132 2072 419 2122 nentioribus,
455 2081 665 2113 caeterum
703 2074 891 2128 respedhl
928 2074 1212 2128 longitudinis
1251 2073 1383 2113 totius
1422 2074 1616 2126 corporis
1648 2087 1745 2129 par-

134 2152 255 2190 vum,
294 2138 452 2177 teffilm
489 2145 583 2177 cute
620 2139 887 2191 glaberrima.
957 2137 1096 2181 Rufius
1132 2141 1213 2179 oris
1249 2138 1553 2190 horizontalis,
1576 2139 1625 2180 ad
1652 2152 1748 2181 ver-

131 2205 261 2246 ticem
298 2213 434 2255 Vsque
473 2201 618 2253 capitis
655 2202 790 2256 fiffus,
826 2204 1040 2259 angustus.
1105 2201 1286 2256 Rostrum
1324 2216 1344 2243 a
1381 2202 1540 2244 vertice
1578 2204 1628 2244 ad
1666 2217 1744 2245 ex-

132 2279 319 2311 tremum
364 2266 531 2321 apicem
575 2266 881 2321 adtenuatum.,
934 2270 1030 2324 plus
1077 2281 1203 2323 quam
1243 2267 1335 2322 post
1371 2268 1562 2309 medium
1599 2269 1745 2310 tantil-

129 2334 221 2377 lum
259 2333 315 2374 ob
352 2330 511 2372 orbitas
549 2331 774 2373 oculorum
813 2335 1046 2389 eleuatum,
1082 2333 1225 2391 postea
1262 2333 1567 2376 acuminatum.
1620 2332 1741 2375 Man-

192 2397 315 2442 Noua
335 2395 439 2438 Adia
459 2396 591 2438 Acad.
611 2395 713 2451 Imp.
735 2396 806 2440 Sc.
826 2396 873 2439 T.
898 2398 995 2440 V11.
1026 2423 1031 2426 -
1290 2398 1322 2440 P
1363 2412 1392 2454 p
1684 2397 1746 2438 di-
