2007 2702
757 218 908 233 -·--
943 200 1100 256 (244)
1134 217 1286 246 ===

222 316 472 371 sententian]
508 327 622 361 tuam
659 317 790 360 statim
830 318 1125 374 adsequantur,
1143 321 1402 374 *penitusque
1422 318 1821 373 intelliffvantfflum-

223 388 363 426 modo
396 385 524 425 verba
558 396 682 437 atque
719 385 950 434 vocabula,
990 387 1140 437 quibus
1182 386 1273 425 vsus
1312 387 1470 434 fuerat,
1507 386 1675 426 auribus
1716 389 1822 427 reae

222 459 515 504 perceperant.
587 449 700 489 Inter
737 462 886 490 omnes
924 463 1027 490 vero
1065 462 1173 490 artes
1211 452 1564 502 atquelcientiis„
1592 451 1702 500 talis,
1726 464 1826 502 qua-

222 514 309 555 lem
344 514 480 554 modo
519 513 807 567 descripsimus
845 514 988 567 lingua
1025 516 1248 569 locuples,
1286 525 1410 566 atque
1446 515 1826 568 significationibus

221 578 488 632 singulorum
526 579 838 619 vocabulorum
875 580 1002 619 semel
1040 578 1203 619 saucilis
1241 579 1440 629 adstridia⁷
1477 581 1513 620 ei
1546 581 1730 621 maxine
1756 592 1828 620 ne·

223 645 388 684 cetiaria
425 643 497 692 est,
535 655 641 694 quae
678 643 813 691 faffis,
848 652 894 680 vt
932 644 1095 693 dicunt,
1129 643 1199 683 vel
1235 657 1375 683 rerum
1413 646 1637 685 euentibus
1661 645 1826 697 nititur,

220 708 456 761 quippequi
493 707 561 745 vel
599 715 866 745 commutato
903 718 1043 746 rerum
1080 707 1435 759 perficiendarum
1459 739 1472 759 ,
1523 711 1591 750 vel
1629 723 1826 750 enarran-

220 772 366 811 darum
406 770 509 810 iusto
545 770 710 821 ordine,
760 769 843 809 siue
882 772 1183 811 accedentibus
1222 773 1400 812 terribus
1440 774 1693 826 quibusdam
1732 787 1827 813 mo-

218 835 535 875 dificationibus
574 847 721 887 parum
761 846 952 875 accurate
991 836 1202 887 definiris,
1239 838 1360 877 aliam
1396 838 1579 878 induunt
1614 837 1826 890 speciem,

217 900 377 953 sperata
415 900 552 939 minus
590 909 840 953 congruam.
910 900 1025 940 Inter
1062 901 1134 941 has
1171 914 1274 941 vero
1304 913 1412 943 artes
1444 903 1570 944 etiam
1592 902 1826 956 physicam,

221 977 346 1017 quam
384 963 572 1005 latiffime
608 975 741 1017 pater,
776 975 819 1004 et
855 966 1134 1017 g'rauiffimam
1171 966 1382 1020 imprimis
1420 969 1509 1006 eius
1548 977 1729 1020 partem,
1766 980 1828 1007 ar-

217 1037 306 1069 tem
345 1029 583 1070 chemicam
619 1029 888 1070 referendam
925 1031 1032 1082 effe,
1072 1031 1165 1085 quis
1202 1031 1274 1082 est,
1312 1032 1383 1086 qui
1419 1032 1611 1084 ignoret!
1650 1031 1826 1072 Etenim

216 1094 463 1134 chemicum
500 1104 594 1135 ante
631 1095 775 1135 omnia
812 1105 1018 1148 oportet⁸>
1057 1106 1099 1137 vt
1134 1110 1198 1136 res
1236 1110 1335 1150 eas,
1377 1110 1476 1150 quas
1515 1096 1824 1149 inuestigandas

215 1158 292 1200 sibi
330 1158 557 1210 sumserat7
597 1173 683 1200 non
720 1159 858 1199 solum
896 1171 1089 1201 accurate
1128 1161 1335 1212 definiat,
1372 1175 1521 1202 verum
1558 1162 1714 1212 etiam,
1753 1160 1826 1214 qui

187 1222 347 1262 ⁴fuerit
382 1223 688 1264 commiscendi
724 1225 906 1275 modim,
951 1239 1057 1277 quae
1091 1239 1234 1266 rerum
1271 1227 1457 1267 inuicem
1496 1227 1723 1267 mixtarum
1761 1238 1827 1265 ra-

216 1286 308 1337 tio,
350 1287 460 1326 clare
496 1287 669 1326 indicet.
740 1287 925 1328 Simulac
962 1290 1077 1327 enim
1113 1303 1256 1328 rerum
1293 1292 1402 1328 inter
1437 1290 1475 1328 se
1513 1290 1826 1341 iungendarum

218 1351 329 1392 ordo
366 1361 658 1404 permutatur,
695 1360 738 1391 et
775 1364 881 1402 quae
919 1351 1031 1404 prius
1070 1351 1260 1391 adhiberi
1298 1351 1516 1400 debuisset,
1543 1352 1670 1390 serius
1707 1352 1829 1392 addi-

216 1423 301 1466 tur,
337 1415 499 1468 saepius
537 1416 712 1454 minime
749 1415 957 1464 efficitur,
1005 1416 1121 1468 quod
1158 1415 1354 1455 effectum
1392 1415 1441 1455 iri
1479 1414 1683 1467 sperabas.
1753 1414 1825 1456 Sic

217 1492 255 1520 e.
297 1492 356 1532 gr.
393 1479 535 1533 prouti
574 1480 615 1518 in
654 1479 751 1518 nitri
789 1480 958 1518 aethere
994 1479 1293 1529 conficiendo,
1330 1480 1496 1519 acidum
1536 1479 1717 1519 debilius
1754 1479 1826 1520 vel

218 1544 363 1595 sorte,
423 1544 612 1597 spiritum
650 1544 736 1583 vini
775 1556 1055 1583 communem
1091 1545 1158 1584 vel
1197 1544 1381 1584 maxime
1419 1544 1668 1595 depuratum
1707 1543 1825 1583 adhi—

217 1607 378 1660 bueris,
417 1619 543 1662 atque
581 1608 685 1648 illud
726 1608 840 1658 huic,
878 1608 946 1648 vel
987 1609 1092 1649 hanc
1130 1609 1190 1648 illi
1225 1608 1544 1655 commiscueris,
1575 1608 1700 1646 fluida
1725 1621 1824 1660 pro-

220 1673 354 1712 deunt
389 1675 558 1727 prorsus
596 1674 781 1713 inuicem
820 1672 993 1714 diuersa.
1084 1673 1203 1727 Quae
1241 1685 1338 1713 cum
1375 1672 1432 1711 ita
1466 1672 1545 1710 esse
1583 1672 1823 1723 deprehen-

219 1737 553 1792 derem‚-atq11e
589 1738 630 1777 in
668 1737 830 1791 scriptis
868 1750 953 1777 non
991 1738 1207 1778 nullorum
1244 1736 1538 1776 chemicorum
1577 1735 1819 1788 Gallorum,

219 1802 272 1842 de
309 1811 395 1842 arte
432 1803 625 1843 cher-nica
663 1803 825 1855 optime
864 1802 1115 1842 meritorum
1151 1801 1454 1855 perlegendis,
1507 1801 1740 1840 inciderem
1778 1801 1821 1841 in

220 1867 434 1907 cliemicas
471 1867 678 1920 loquendi
715 1866 920 1907 formulas
958 1866 1125 1920 prorsus
1163 1878 1313 1915 nouas,
1348 1875 1391 1905 et
1427 1863 1476 1904 ab
1512 1865 1606 1918 ipsis
1645 1878 1741 1905 eum
1779 1866 1822 1905 in

219 1930 349 1970 finem
395 1933 630 1982 inuentos,
684 1941 731 1972 vt
775 1940 992 1972 mutentur
1036 1930 1195 1983 plane,
1251 1942 1354 1982 quae
1400 1931 1624 1981 hucusque
1669 1931 1710 1968 in
1747 1930 1820 1969 vsu

220 2004 340 2035 erant
375 1995 493 2047 (⁴²),
546 2009 721 2049 operam
768 2009 853 2036 non
898 1993 1060 2049 prorsas
1096 1994 1262 2033 inanem
1300 2005 1425 2047 atque
1465 1994 1817 2045 superuacaneum

220 2071 288 2099 me
329 2058 541 2113 suscepisse
578 2061 794 2113 putabam,
831 2060 860 2099 fi
894 2071 973 2112 pro
1009 2058 1165 2099 virium
1201 2058 1381 2099 modulo
1416 2058 1563 2114 paullo
1586 2059 1819 2099 accuratius

217 2124 472 2165 discuterem
511 2125 797 2179 quaestionem
832 2124 1015 2165 hancce:

1659 2187 1819 2228 Vtrum

296 2290 362 2338 (¹³⁴)
415 2286 497 2324 Vid.
526 2292 690 2336 inprimis
717 2287 899 2326 Methode
924 2286 968 2324 de
995 2288 1279 2325 Nomenelature
1307 2289 1519 2336 dumique,
1562 2284 1738 2337 proposee
1777 2283 1821 2321 de

418 2338 580 2436 ἓέἶῖκίὲ.
590 2337 633 2375 de
660 2339 859 2388 vaeau,
888 2336 1091 2388 Lavoificr,
1119 2339 1307 2378 Bertholet
1333 2340 1369 2379 ὃς
1397 2338 1441 2376 de
1466 2339 1670 2385 Foureroy.
1723 2336 1821 2373 Paris
