2007 2702
675 180 826 197 ·····-
861 164 1019 223 (379)
1052 178 1205 195 --·

134 287 209 333 hie
244 286 489 343 affignatum
512 312 527 338 ‚
581 283 833 337 contingere
869 282 1049 337 potuisse
1085 279 1281 322 arbitror.
1347 279 1512 338 Margo'
1548 281 1647 326 disci
1684 283 1752 327 lus

135 355 249 397 naris
294 355 337 394 in
384 351 517 393 solem
561 349 644 391 iam
688 348 854 401 ingreffi
899 349 1164 402 aliquantum
1209 346 1325 399 asper
1368 349 1473 389 mihi
1509 350 1749 392 videbatur.

135 419 271 462 Breui
306 419 480 474 posthac
517 415 650 457 nubes
688 413 838 455 densae
875 413 1011 455 solem
1041 421 1191 466 tegunt
1215 420 1258 452 et
1279 409 1622 456 obseruationem
1645 428 1754 457 con.

136 484 303 526 tinuare
339 483 526 528 obstant5
566 479 720 521 deinde
757 479 867 520 circa
903 479 1094 520 medium
1132 475 1296 531 eclipfis
1334 489 1411 530 per
1446 478 1577 519 nubes
1614 482 1749 521 rario-

137 561 206 591 res
245 559 288 590 et
323 549 395 590 iub
438 547 570 588 finem
614 545 741 587 coelo
786 543 957 586 fauente
1002 544 1225 598 sequentes
1272 541 1592 584 obseruationes
1637 546 1754 587 insti-

137 622 257 656 tuere
294 613 429 654 licuit.

234 687 409 729 Macula
446 699 468 727 c
502 687 623 727 Luna
661 684 819 739 tegitur
950 706 972 717 -
1131 703 1155 718 -
1288 673 1350 732 gb.
1373 677 1579 733 55'.48“
1599 680 1660 723 T.
1695 680 1757 724 V.

230 752 353 793 Tota
391 751 602 793 delitescit
731 771 752 779 -
882 771 904 778 -
1036 770 1059 779 -
1186 768 1209 778 ·
1288 759 1331 796 3.
1372 758 1446 796 55.
1487 755 1562 796 58.

231 816 409 859 Macula
445 817 474 857 d
506 815 656 870 incipit
691 814 829 868 mergi
962 836 985 845 —
1128 835 1150 846 -
1281 831 1328 862 4·
1402 824 1442 850 1.
1480 824 1557 862 34.

233 881 357 924 Tota
391 882 589 922 immersa
720 901 740 910 -
868 900 892 910 -
1027 898 1048 909 -
1178 907 1200 917 -
1283 891 1329 928 4.
1402 888 1443 915 2.
1481 890 1560 930 47.

328 1008 467 1053 Porro
513 1010 758 1066 quadrantis
805 1022 890 1065 ope
927 1007 1127 1064 appulsus
1165 1006 1402 1049 limborum
1439 1005 1553 1048 Solis
1589 1014 1634 1047 et
1668 1005 1756 1049 Lu-

131 1089 212 1120 nae
258 1085 386 1129 atque
432 1090 643 1118 cornuum
682 1077 734 1118 ad
771 1075 841 1117 fila
877 1075 1196 1116 micromerrica
1231 1073 1504 1115 horizontale
1540 1086 1587 1114 ac
1623 1073 1753 1116 vetti·

135 1143 225 1184 cale
263 1141 514 1197 sequentem
551 1143 594 1182 in
630 1142 810 1182 modum
849 1154 871 1181 a
907 1153 976 1181 me
1013 1139 1165 1180 notati.

371 1264 636 1316 Oseruatio
670 1266 719 1322 I,
755 1268 879 1317 tubo
916 1267 967 1315 in
1002 1263 1259 1314 altitudine
1299 1272 1386 1320 190.
1422 1263 1512 1318 17'·

229 1346 412 1390 Limbus
451 1346 564 1387 Solis
603 1346 779 1388 inferior
817 1348 868 1388 ad
906 1346 966 1386 fil.
1004 1346 1144 1387 horiZ.
1197 1368 1216 1376 -
1279 1338 1339 1396 4h.
1399 1340 1459 1398 7².
1488 1341 1580 1397 17²²
1596 1343 1655 1386 T.
1692 1343 1752 1387 V.

232 1411 385 1454 Cornu
423 1421 675 1464 apparenter
709 1410 901 1465 superins
941 1411 991 1452 ad
1028 1410 1089 1450 fil.
1113 1411 1260 1451 vestie.
1399 1423 1442 1463 7.
1483 1421 1557 1462 37.

230 1475 414 1519 Limbus
452 1476 598 1515 Lunae
634 1477 684 1516 ad
722 1475 780 1516 fil.
818 1477 959 1517 horiZ.
1091 1497 1112 1505 -
1242 1497 1262 1505 -
1399 1484 1439 1520 8.
1482 1487 1554 1515 11.

231 1540 384 1584 Cornu
424 1540 611 1592 superius
649 1541 697 1580 ad
736 1540 794 1581 fil.
834 1540 975 1582 horiz.
1110 1562 1130 1570 -
1261 1562 1283 1571 -
1404 1549 1444 1584 8.
1487 1552 1559 1581 22.

232 1627 335 1633 -—
403 1604 581 1644 inferius
618 1605 668 1645 ad
704 1605 763 1646 fil.
800 1615 908 1647 vert.
1062 1627 1082 1636 -
1244 1627 1264 1634 -
1400 1613 1440 1649 8·
1479 1614 1555 1656 48·

234 1668 416 1710 Limbus
453 1670 598 1709 Lunae
635 1670 685 1710 ad
720 1670 780 1711 fil.
817 1679 926 1711 vert.
1059 1692 1080 1700 -
1243 1690 1265 1701 ·
1394 1683 1440 1721 9.
1510 1684 1556 1720 9.

234 1732 416 1774 Limbus
453 1732 565 1775 Solis
602 1733 780 1789 sequens
819 1736 872 1777 ad
907 1734 968 1775 fil.
1004 1743 1113 1776 vert.
1181 1757 1202 1764 -
1278 1749 1321 1786 4.
1392 1748 1437 1785 9.
1478 1745 1554 1784 52.

352 1854 646 1909 Obseruatio
682 1858 746 1923 Π,
779 1859 905 1911 tubo
941 1860 994 1910 in
1027 1858 1286 1911 altitudine
1326 1867 1413 1911 180.
1447 1860 1539 1919 17²·

233 1940 417 1983 Limbus
455 1940 564 1983 Solis
603 1944 779 1984 inferior
816 1946 863 1986 ad
903 1944 962 1985 fil.
1007 1945 1147 1986 horiz.
1189 1965 1212 1976 -
1278 1959 1322 1995 4.
1365 1956 1437 1983 11.
1476 1956 1553 1993 32.

236 2005 386 2047 Cornu
425 2004 611 2060 superius
649 2011 700 2050 ad
738 2009 795 2050 fil.
832 2019 939 2051 vert.
1071 2033 1092 2041 -
1222 2033 1243 2041 -
1366 2021 1436 2049 11·
1474 2022 1553 2060 42·

231 2069 413 2113 Linbus
451 2070 592 2113 Lunae
629 2076 678 2115 ad
714 2075 774 2115 fil.
814 2076 952 2116 horiZ.
1086 2096 1108 2107 -
1235 2096 1258 2108 -
1364 2086 1436 2113 12·
1476 2086 1552 2124 39·

235 2134 386 2178 Cornu
423 2134 608 2188 superius
644 2140 695 2181 ad
732 2140 791 2181 fil.
829 2139 970 2181 horiz.
1105 2162 1125 2170 -
1253 2162 1276 2172 -
1366 2150 1436 2187 13·
1506 2153 1552 2189 4·

232 2222 335 2230 —-—
405 2198 579 2241 inferius
617 2205 665 2244 ad
702 2205 761 2245 fil.
799 2215 905 2246 vert.
1040 2228 1061 2234 -
1206 2226 1228 2235 -
1363 2216 1436 2253 13·
1479 2215 1553 2243 2²·

234 2264 415 2308 Limbus
451 2265 564 2311 Solis
600 2267 778 2325 sequens
816 2273 867 2313 ad
905 2270 964 2311 fil.
1002 2278 1110 2311 vert.
1177 2292 1197 2301 -
1277 2284 1322 2323 4.
1366 2281 1437 2322 14.
1509 2280 1551 2309 2.

865 2368 901 2410 B
923 2367 949 2409 b
973 2368 998 2409 b
1037 2380 1066 2426 ⁹:
1648 2359 1747 2408 Ob·
