2007 2702
777 204 927 220 -..
960 186 1118 242 (252)
1152 205 1303 221 ...-

239 300 377 344 cimus
415 298 480 355 (ἢ
516 299 566 358 β)
604 298 757 343 deinde
793 315 915 355 vero,
950 302 977 343 fi
1012 303 1293 346 inueniendae
1332 314 1467 345 nouae
1503 302 1830 364 terminologiae

236 365 483 407 defensores
520 367 628 409 hanc
664 367 888 409 notionem
932 368 1056 410 calcis
1101 384 1250 424 parum
1297 383 1529 425 congruam
1574 370 1653 412 effe
1696 376 1834 415 existi·

235 441 375 484 ment,
412 431 502 485 (**)
537 440 580 472 et
615 432 800 483 metalla,
836 431 926 473 vllo
964 434 1098 474 modo
1134 436 1175 475 in
1213 435 1373 476 calcem
1410 437 1610 478 conuersa
1637 436 1719 477 dici
1739 439 1833 491 pos-

232 494 275 536 se
311 505 546 550 negantes,
597 506 776 551 vrgeant
811 506 935 551 atque
972 499 1153 552 instent⁷
1195 509 1240 540 vt
1275 513 1393 540 nouo
1433 500 1618 554 quodam
1657 503 1833 544 nomine

235 560 552 614 compellentur
585 571 785 602 mutatam
824 562 931 603 hanc
968 565 1126 605 metalli
1164 562 1477 616 conditionem,
1512 566 1580 606 vel
1611 579 1724 607 noua
1759 567 1836 608 ali·

235 637 317 678 qua
352 625 538 665 nominis
575 627 768 664 eiusdem
803 625 989 666 flexione
1028 629 1313 681 qualicunque
1350 627 1483 682 (***),
1518 630 1587 669 vel
1615 630 1642 670 fi
1665 640 1707 671 et
1728 631 1833 673 haec

231 689 376 739 ratio,
428 689 478 728 ad
516 688 763 729 nouiffimos
816 688 986 742 linguae
1039 693 1265 732 mutendae
1319 703 1493 733 conatus
1530 698 1835 751 conformata,

231 752 372 793 minus
408 751 635 806 placuerit,
671 752 866 808 nomine,
900 754 1177 809 praecipuam
1214 756 1394 797 sensibus
1431 756 1655 799 subiectam
1683 760 1835 801 metal-

1799 823 1835 865 li

241 927 1841 959 ———————-———————————————.-]

301 1009 351 1056 ζ’)
404 1009 541 1060 Negari
569 1014 722 1048 minime
750 1012 881 1061 potest,
911 1018 1132 1053 mutationes
1160 1016 1223 1053 has
1251 1020 1336 1066 igne
1364 1015 1560 1066 productas
1590 1017 1638 1062 (e.
1652 1027 1686 1064 g.
1713 1012 1739 1051 si
1767 1022 1841 1053 ter-

430 1073 470 1097 ra
497 1062 646 1098 calcaria
672 1063 872 1099 aluminosa
899 1065 1067 1113 gypsum,
1095 1065 1277 1114 stannum,
1307 1067 1370 1104 sub
1398 1067 1532 1103 eodem
1559 1065 1703 1102 fornice
1731 1065 1837 1103 doci·

429 1110 595 1159 mastico,
624 1111 743 1149 eidem
772 1117 847 1162 igni
874 1119 1126 1163 exponantur)
1155 1121 1245 1154 varii
1272 1116 1342 1154 esse
1369 1120 1522 1167 generis.
1549 1138 1589 1142 —
1620 1116 1739 1152 Terra
1766 1116 1838 1153 eal-

432 1165 528 1198 caria
555 1162 725 1199 duritiem
752 1164 921 1211 aliquam,
950 1177 1060 1213 quam
1088 1166 1214 1215 adepta
1242 1167 1304 1215 est,
1332 1171 1464 1204 amittit
1492 1177 1635 1214 (aquae,
1657 1169 1717 1203 cui
1737 1177 1837 1214 mag-

428 1223 520 1247 num
549 1212 719 1249 colorem
745 1217 977 1261 impertitur,
1012 1217 1193 1262 immersa)
1221 1227 1258 1255 et
1284 1218 1387 1267 plane
1414 1221 1452 1254 in
1480 1216 1671 1266 puluerem
1698 1214 1835 1253 fatiscit.

431 1258 569 1308 Gypfi,
599 1274 686 1298 cum
713 1274 805 1308 aqua
833 1269 1026 1302 commixti
1055 1271 1173 1303 maior
1199 1265 1241 1304 fit
1269 1265 1458 1304 cohaesio:
1497 1277 1591 1304 terra
1616 1265 1835 1313 aluminosa„

428 1307 609 1358 inlignem
637 1310 808 1347 duritiem
836 1311 976 1360 adepta,
1004 1326 1083 1350 eam
1110 1319 1149 1351 in
1174 1327 1267 1362 aqua
1293 1328 1362 1352 nec
1389 1319 1533 1360 amittit,
1561 1327 1631 1351 nec
1657 1319 1838 1354 maiorem

428 1363 561 1407 recipit
591 1358 773 1406 (ideoque
800 1373 881 1398 non
909 1363 1099 1409 calcinata‚
1127 1363 1184 1400 sed
1213 1363 1287 1400 vsta
1313 1363 1449 1408 audit).
1503 1364 1680 1399 Stannum
1707 1362 1836 1399 amisso

429 1407 622 1456 splendore
650 1410 856 1458 metallico,
898 1412 1060 1460 pulueris
1086 1412 1243 1463 speciem
1274 1410 1442 1450 adsumlit
1464 1441 1476 1459 ,
1527 1412 1571 1449 ab
1625 1423 1717 1460 aqua
1754 1424 1834 1451 non

429 1457 654 1495 mutandam.

304 1504 376 1555 (**)
430 1507 550 1546 Calcis
579 1520 713 1545 vocem
740 1508 784 1545 ad
812 1511 963 1558 metalla,
992 1511 1090 1548 haud
1118 1512 1252 1550 idonea
1277 1516 1418 1550 ratione
1447 1508 1630 1549 transferri
1656 1511 1757 1560 poss‘e
1777 1512 1832 1549 lu-

427 1558 516 1595 bens
544 1558 734 1603 concedo3
762 1563 897 1609 quippe
925 1573 1017 1609 quae
1069 1573 1210 1611 praeter
1237 1567 1384 1612 ignem)
1413 1570 1449 1599 et
1473 1567 1568 1607 aere,
1598 1570 1634 1597 et
1660 1562 1771 1599 acidis
1798 1569 1836 1600 et

429 1607 602 1657 sulphure
631 1618 699 1646 cet.
754 1615 953 1657 permutari
980 1611 1153 1660 possunt,
1182 1622 1457 1662 permutataque
1483 1611 1612 1647 iisdem
1641 1610 1714 1647 fere
1741 1624 1830 1660 gau-

426 1656 516 1696 dent
542 1660 827 1708 proprietatibus
845 1689 855 1707 ‚
900 1673 994 1709 quae
1027 1671 1148 1700 tamen
1181 1663 1243 1700 sub
1279 1664 1385 1700 calcis
1413 1672 1509 1697 voce
1535 1659 1634 1697 sensu
1662 1659 1832 1699 strictiori

426 1707 555 1755 sumta,
585 1713 736 1747 minime
765 1711 1032 1759 comprehendi
1061 1713 1218 1761 poss'unt.
1246 1713 1353 1760 Qae
1381 1724 1467 1748 cum
1487 1713 1610 1757 negari
1630 1719 1829 1759 nequeant,

426 1767 490 1796 aut
517 1771 617 1796 noua
644 1758 895 1798 denominatio
912 1791 922 1809 ‚
953 1763 1150 1810 omnibus,
1193 1775 1285 1810 quae
1312 1761 1507 1798 metallicae
1534 1761 1730 1808 hucusque
1757 1761 1831 1799 dici

425 1807 600 1857 solebant,
629 1810 787 1847 calcibus
814 1823 998 1860 congrua,
1027 1816 1246 1861 excogitari,
1275 1820 1336 1848 aut
1361 1815 1507 1858 antiqua
1532 1822 1610 1847 vox
1639 1811 1745 1848 calcis
1772 1823 1830 1848 re-

422 1862 551 1905 tineri,
580 1868 794 1908 retentaque
821 1860 921 1898 sensu
950 1861 1104 1910 duplici,
1131 1860 1298 1898 stric‘liori
1326 1871 1361 1898 et
1388 1861 1532 1907 latiori,
1560 1859 1604 1896 ad
1633 1872 1691 1897 eas
1717 1861 1828 1909 appli-

426 1913 500 1945 cari
527 1909 653 1953 debet3
694 1910 747 1957 (id
774 1911 876 1959 quod
904 1911 1098 1959 ecquidem
1124 1922 1274 1959 propter
1301 1910 1477 1959 loquendi
1503 1909 1609 1947 vsum
1641 1913 1680 1947 in
1707 1913 1828 1948 omni-

427 1958 496 1995 bus
523 1958 597 1995 fere
625 1960 757 2008 linguis
784 1964 940 1998 maxime
967 1961 1163 1998 solemnem
1190 1962 1455 2009 praetulerim):
1482 1964 1588 1997 notio
1607 1963 1717 2008 igitur
1731 1964 1827 1998 eius-

426 2007 532 2044 modi
558 2009 664 2046 calcis
693 2022 737 2046 ex
765 2011 994 2059 qualitatibus
1020 2015 1059 2047 in
1084 2009 1203 2048 sensus
1229 2011 1500 2049 incurrentibus
1528 2009 1682 2047 dedueia
1700 2039 1711 2058 ,
1751 2009 1828 2048 huc

424 2057 535 2094 redit:
563 2057 612 2095 est
638 2060 830 2107 metallam,
857 2060 1047 2108 splendore
1073 2062 1253 2098 metallico
1281 2066 1465 2111 priuatum
1493 2064 1530 2096 in
1556 2063 1725 2097 minimas
1746 2072 1826 2109 par-

428 2108 555 2144 ticulas
585 2108 765 2157 diuisum,
808 2119 844 2147 et
872 2119 986 2146 terrae
1012 2110 1110 2148 haud
1138 2110 1323 2157 diffimile3
1362 2111 1399 2149 id
1427 2109 1530 2160 quod
1563 2107 1605 2147 fit
1632 2110 1691 2147 vel
1717 2113 1826 2159 igne,

425 2158 486 2194 vel
512 2157 704 2196 menstruis
733 2160 1027 2209 quibuscunque.

301 2207 389 2254 (***)
443 2208 483 2244 E.
511 2220 545 2256 g.
571 2207 768 2256 ferrulum,
796 2210 1045 2259 argentulum,
1074 2212 1133 2248 vel
1158 2211 1282 2261 ferras,
1310 2219 1487 2260 argentas‚
1513 2210 1573 2247 vel
1599 2208 1766 2246 addendo
1793 2216 1830 2246 et

426 2260 665 2306 priuatiuum‚
693 2258 864 2307 aferrum,
891 2260 1139 2310 abargentum,
1169 2273 1236 2301 cet:
1263 2263 1354 2300 mihi
1381 2273 1473 2299 vero
1500 2263 1612 2309 magis
1627 2259 1759 2296 arridet
1772 2269 1828 2294 re-

425 2309 542 2343 tinere
571 2311 735 2354 antiqua3
763 2309 866 2357 quod
891 2307 917 2347 si
945 2323 1024 2349 non
1047 2311 1164 2362 liceat,
1189 2313 1410 2365 praeferrem
1435 2314 1557 2363 primo
1584 2310 1671 2348 loco
1685 2319 1826 2359 propo-

422 2352 526 2397 sitam
551 2361 805 2400 mutationem.
