2007 2702
682 238 834 255 ...-.
869 220 1025 277 (283)
1058 237 1210 253 ...-

136 336 312 392 granula
347 335 477 392 quasi,
513 348 602 378 non
639 336 852 391 congesta,
888 349 967 377 nec
1004 341 1281 391 congregata,
1311 331 1377 374 sed
1403 336 1542 387 potius
1567 334 1747 392 dispersa

135 402 178 445 in
217 413 313 443 cute
351 415 486 456 aeque
523 415 570 443 ac
606 402 872 456 epidermide
908 401 1188 443 obseruantur
1225 398 1331 452 (a).
1418 398 1601 444 Granula
1638 403 1748 443 haec

136 467 363 520 obsoleta,
416 480 555 521 neque
599 467 780 507 omnino
818 465 1036 519 distincta,
1088 479 1167 506 nec
1204 472 1399 505 accurate
1435 462 1528 504 satis
1566 466 1750 507 circum-

136 530 289 586 scripta
326 539 552 587 apparent5
604 539 719 572 certa
755 540 896 573 tamen
941 530 1050 585 sunt,
1097 540 1140 572 et
1183 531 1226 571 in
1271 537 1385 580 cute,
1425 538 1572 569 contra
1607 530 1750 571 lucem

135 597 335 639 nonnihil
369 594 603 651 pellucida‚
621 596 778 650 pariter
814 606 943 650 atque
978 597 1022 636 in
1058 608 1192 650 opaca
1225 593 1327 645 visa,
1351 593 1475 635 facile
1512 593 1753 647 deprehen-

138 662 310 703 duntur.
379 659 477 701 Imo
514 659 543 700 fi
579 673 601 701 a
634 660 766 701 latere
803 660 912 702 cutis
950 660 1243 715 conspicitur,
1294 659 1485 700 eminere
1522 671 1577 699 ex
1611 657 1755 712 super-

134 726 231 767 ficie
267 726 357 766 eius
396 735 574 766 externa
610 725 832 767 manifesto
869 725 1147 767 obseruantur
1184 723 1294 777 (b).
1365 723 1576 780 Quamuis
1603 723 1758 764 valdo·

133 803 236 845 pere
275 790 473 832 differant
509 803 531 830 a
566 790 760 831 vesiculis
799 789 959 844 adipi53
997 800 1142 832 tamen
1177 788 1347 842 analogi
1387 789 1488 843 quid
1525 801 1670 829 earum
1706 788 1758 828 il-

131 855 185 896 lis
221 854 350 896 ineffe
386 853 615 896 verifimile
653 855 735 903 est,·
787 864 834 896 vt
869 867 956 895 non
994 863 1079 896 tam
1114 866 1214 895 vera
1249 866 1409 907 grana,
1447 866 1573 907 quam
1610 853 1755 908 potius

132 919 293 974 species
330 918 611 961 veficularum
648 919 728 959 effe
765 919 1006 961 videantur.
1093 918 1208 960 Alba
1253 927 1468 959 caeterum
1513 918 1639 970 sunt,
1692 918 1757 959 vti

133 985 242 1026 cutis
287 984 406 1038 ipsa,
459 996 559 1025 cum
605 984 741 1038 adipis
787 984 995 1026 veficulae
1040 984 1083 1025 in
1131 983 1311 1025 homine
1347 983 1496 1024 adulto
1535 995 1756 1037 nunquam

130 1062 222 1091 non
273 1048 406 1090 flavae
457 1058 700 1103 appareant.
785 1049 1006 1092 Videntur
1047 1049 1174 1090 etiam
1211 1048 1431 1102 aliquanto
1470 1049 1637 1089 minora
1672 1048 1755 1088 effe

130 1113 325 1156 veficulis
362 1113 481 1165 illis,
537 1122 581 1154 et
629 1112 855 1167 obsoleta,
908 1113 1117 1155 limitibus
1155 1112 1296 1153 minus
1334 1113 1531 1154 distinctis
1569 1112 1756 1153 circum-

130 1178 319 1232 scripta,
372 1177 533 1232 vbique
570 1177 864 1221 obseruantur.
956 1176 1080 1222 Cutis
1118 1177 1322 1219 cellulosa
1360 1177 1498 1218 multo
1535 1178 1753 1219 minorem

132 1242 262 1284 etiam
299 1241 640 1297 pelluciditatem
677 1243 822 1284 habet.
911 1243 975 1286 Vt
1010 1243 1186 1284 solidior
1223 1256 1328 1295 ergo
1350 1272 1364 1294 ‚
1402 1242 1582 1292 durior,
1618 1242 1753 1283 firmi-

130 1319 270 1412 grque
306 1315 350 1347 et
385 1306 587 1361 denfior,
623 1308 844 1361 magisque
881 1320 1046 1363 opaca,
1084 1319 1212 1363 quam
1249 1306 1488 1361 cellulosa‚
1529 1306 1752 1350 substantia

165 1380 193 1412 t.

328 1468 520 1513 Stratum
555 1468 819 1523 substantiae,
858 1471 975 1525 quod
1014 1471 1101 1513 cuti
1137 1469 1369 1513 subiectum
1406 1470 1462 1512 est
1499 1468 1617 1524 (c),
1661 1481 1754 1510 me-

134 1532 252 1574 dium
288 1545 437 1576 natura
472 1535 541 1576 sua
576 1535 688 1576 inter
724 1546 867 1576 cutem
905 1546 947 1576 et
983 1535 1268 1588 cellulosam‚
1316 1537 1486 1590 adipem
1523 1535 1753 1577 continen-

135 1605 255 1650 tem,
290 1600 567 1642 constitutum
603 1601 682 1641 effe
719 1600 914 1650 videtum
951 1609 998 1642 vt
1034 1600 1143 1641 cutis
1181 1611 1322 1642 tamen
1360 1611 1531 1643 naturae
1568 1600 1749 1656 propius

136 1662 324 1703 accedat.
392 1664 550 1719 Neque
592 1665 811 1719 infigniter
844 1677 944 1707 eum
983 1678 1121 1706 errare
1156 1667 1433 1720 putauerim,
1489 1666 1561 1719 qui
1598 1665 1647 1706 ad
1684 1665 1752 1719 ip-

137 1723 224 1766 sam
270 1737 411 1768 cutem
454 1739 596 1772 totum
632 1730 802 1772 stratum
838 1730 1050 1780 referret3
1106 1731 1243 1772 modo
1283 1732 1464 1773 omnino
1502 1729 1752 1783 diuersam,

139 1801 267 1844 quam
305 1793 510 1835 continuo
546 1807 762 1849 exponam
785 1826 798 1849 ‚
851 1795 977 1837 strato
1013 1795 1275 1837 subcutaneo
1314 1806 1357 1838 et
1393 1796 1478 1837 cuti
1516 1795 1752 1849 propriae,

139 1866 266 1908 quam
304 1855 521 1911 deteripfi,
557 1869 772 1913 naturam,
809 1871 852 1902 et
887 1870 1031 1902 cutem
1069 1871 1217 1903 contra
1253 1861 1442 1902 exterius
1480 1861 1749 1913 interiusque

137 1928 180 1960 et
214 1932 289 1974 per
324 1933 501 1962 omnem
535 1923 648 1965 suam
684 1925 948 1968 substantiam
984 1926 1156 1981 prorsus
1193 1926 1267 1967 fibi
1304 1926 1485 1967 fimilem
1523 1926 1621 1977 effe,
1660 1936 1753 1965 me·-

139 1983 330 2025 mineris.
402 1985 605 2041 Stratum,
642 1992 760 2044 quod
798 2002 895 2033 cute
934 1992 1070 2045 duplo
1107 1992 1272 2032 craffius
1311 1991 1391 2032 effe
1428 1990 1536 2042 dixi,
1571 1990 1599 2030 fi
1625 2002 1753 2032 accu-

141 2050 268 2090 ratius
305 2050 617 2107 confideratur,
663 2055 706 2096 in
743 2056 829 2099 duo
865 2070 998 2112 porro
1036 2057 1154 2099 strata
1192 2056 1428 2098 distinctum
1465 2056 1546 2097 effe
1582 2054 1752 2097 inueni-

883 2122 927 2164 N
949 2135 974 2163 n
1014 2135 1039 2160 2
1684 2128 1752 2161 tur

244 2287 308 2335 (a)
361 2283 422 2336 fig.
449 2298 482 2325 2.
510 2300 541 2325 c.
569 2286 630 2338 fig.
656 2301 685 2337 3.
711 2289 735 2327 f.
762 2288 823 2341 fig.
849 2303 885 2341 4.

241 2349 309 2395 (b)
362 2347 423 2399 fig.
450 2363 480 2398 3.
508 2363 542 2400 g.
570 2363 604 2401 g.

244 2416 304 2460 (c)
355 2411 416 2463 fig.
443 2427 475 2453 2.
502 2427 534 2453 c.
563 2415 596 2453 d.
623 2413 684 2467 fig.
710 2429 740 2465 3.
766 2418 803 2455 h.
829 2420 852 2455 i.
