2007 2702
687 200 840 217 ·--
869 182 1031 242 (2⁵7)
1064 184 1218 226 ···—·=‘

146 302 257 348 rint:
306 301 480 357 primum
514 298 646 344 sulfur
683 315 762 358 pro
798 303 1018 344 substantia
1056 299 1260 356 fimplici,
1305 297 1347 340 in
1383 301 1480 345 alias
1518 313 1656 360 partes
1693 301 1763 348 rel

151 370 361 411 motiores
399 381 486 408 non
525 369 814 420 dissoluenda,
849 368 933 408 fiue
969 368 1206 418 elemento,
1245 366 1490 408 habendum
1528 372 1629 419 effe3
1685 373 1764 413 de-

149 436 251 476 inde
287 434 418 474 sulfur
452 434 494 472 in
531 434 654 474 acido
691 432 860 473 sulfuris
898 434 1037 473 adhuc
1073 434 1204 473 latere
1249 432 1290 472 in
1337 431 1405 471 sua
1428 460 1441 482 7
1493 443 1539 472 vt
1582 435 1762 489 dicunt,

150 499 373 541 substantia
409 498 594 550 integrm
633 509 766 551 porro
803 501 943 538 a'e'rem
980 497 1154 538 vitalem
1192 496 1234 537 in
1272 496 1347 536 isto
1378 495 1502 536 acido
1527 500 1762 549 contineri3

151 564 338 618 denique
374 563 457 603 hoc
493 562 630 615 ipsum
667 561 850 603 ex·solo
889 565 982 604 ae're
1018 563 1135 603 vitali
1163 563 1394 603 accedente
1417 561 1648 602 oriundum
1669 566 1764 606 effe.

152 628 278 684 Quae
316 638 454 667 tamen
493 626 639 667 omnia
674 639 775 667 vere
811 628 868 667 ita
905 627 944 667 se
981 627 1138 668 habere
1161 656 1175 677 ,
1229 626 1412 666 sensibus
1457 639 1589 668 nemo
1627 629 1767 680 perci-

148 706 252 748 pere
288 691 445 745 potest:
482 692 626 745 itaque
665 704 750 731 non
788 691 882 732 sunt
918 704 982 731 res
1019 692 1285 745 experientia
1317 690 1495 744 fimplici
1518 699 1770 746 perceptae,

150 769 208 808 et,
244 767 290 796 vt
325 757 489 808 dicunt,
527 757 568 796 in
607 755 715 797 fac‘to
752 757 934 809 positae,
972 756 1038 796 sed
1079 756 1310 797 maximam
1347 765 1511 809 partem
1549 756 1669 797 seriei
1706 769 1771 797 ra-

149 822 429 862 tiociniorum
467 821 738 873 innituntur,
785 834 891 873 quae
928 821 1087 862 etiarnsi
1124 820 1194 862 vel
1231 821 1452 873 maxime,
1490 823 1541 862 de
1583 834 1669 876 quo
1707 829 1773 862 ta-

150 900 251 927 men
294 886 419 927 valde
464 885 652 937 dubito,
708 886 834 925 nostri
881 886 1056 938 quidem
1093 886 1186 926 aevi
1232 886 1439 926 chemicis
1478 895 1642 927 tantum
1668 899 1769 927 non

150 950 352 992 omnibus
388 950 707 1004 probarentur,
753 949 883 990 futuri
920 959 1060 991 tamen
1097 951 1190 992 aevi
1228 951 1600 992 obseruationibus
1639 960 1768 1004 atque

148 1016 334 1057 inuentis
372 1028 459 1055 non
495 1015 696 1068 infringi,
733 1028 871 1069 neque
909 1016 1082 1056 refutari
1115 1015 1243 1068 poffe,
1283 1016 1374 1070 quis
1415 1016 1494 1068 est,
1535 1016 1606 1070 qui
1643 1015 1770 1056 adfir-

150 1079 271 1122 met?
308 1078 389 1132 (²¹⁶)
446 1079 554 1134 Quis
593 1080 708 1119 enim
746 1080 919 1134 quaeso,
957 1093 1010 1120 eo
1047 1081 1244 1121 audaciae
1282 1081 1508 1134 procedet,
1546 1090 1592 1121 vt
1627 1080 1769 1134 poste-

149 1158 222 1186 ros
259 1144 397 1184 adhuc
435 1144 620 1198 penitius
657 1157 800 1184 rerum
839 1155 1028 1186 naturam
1062 1145 1335 1199 indagatur-os
1358 1146 1437 1185 esse
1461 1143 1619 1199 neget?
1659 1145 1769 1199 Quis

150 1209 243 1262 est,
281 1208 354 1263 qui
391 1221 478 1249 non
514 1219 609 1250 ante
646 1222 806 1264 paucos
845 1209 1001 1251 abhinc
1036 1223 1204 1263 annos,
1240 1223 1393 1265 aquam
1429 1224 1509 1264 pro
1547 1210 1768 1250 elemento

1695 1274 1771 1316 ha-

253 1369 315 1414 (*)
372 1366 494 1403 Sulfur
521 1380 599 1404 non
627 1371 750 1405 minus
777 1380 819 1405 ac
845 1368 1120 1417 phosphorum,
1150 1368 1231 1416 post
1259 1367 1559 1416 deflagrationem
1588 1367 1650 1405 sub
1678 1367 1773 1404 acidi

354 1417 478 1466 specio
496 1417 667 1466 adparere
695 1431 785 1466 pura
812 1423 1038 1468 experientia
1065 1419 1200 1465 edocti,
1230 1419 1461 1467 exploratum
1477 1419 1674 1460 habemus3
1702 1421 1772 1453 mi-

355 1471 457 1504 nime
484 1479 597 1514 vero,
636 1468 741 1516 quod
767 1469 816 1505 illi
844 1469 1103 1516 contendunt,
1144 1468 1271 1505 eadem
1297 1477 1387 1516 (pro
1419 1469 1607 1505 elementis
1637 1468 1770 1514 habita,

357 1517 521 1566 ideoque
548 1518 822 1565 immutabilia3)
850 1529 1002 1567 recepto
1032 1528 1174 1556 tantum
1201 1525 1283 1555 ae're
1311 1518 1422 1565 vitali,
1443 1517 1544 1555 acida
1559 1515 1650 1554 sieri.
1680 1518 1773 1554 Sen-

355 1567 463 1604 suum
491 1568 608 1605 modo
637 1580 709 1617 ope
736 1581 860 1616 neque
890 1567 1142 1615 demonstrari,
1172 1581 1294 1616 neque
1321 1567 1470 1605 refutari
1491 1567 1621 1617 potest,
1650 1571 1688 1604 in
1702 1567 1773 1604 sul-

353 1617 436 1655 fure
463 1627 572 1666 atque
598 1618 820 1668 phosphoro
849 1618 994 1655 acidum
1024 1618 1172 1667 aliquod
1200 1622 1405 1666 contineri,
1447 1618 1551 1667 quod
1579 1631 1665 1655 cum
1692 1617 1772 1655 solo

355 1675 439 1705 ae're
478 1668 728 1706 inflammabili
763 1669 1009 1706 coniunctum
1036 1667 1096 1713 lit3
1139 1669 1242 1706 hunc
1270 1669 1387 1717 ipsum
1414 1682 1507 1706 vero
1535 1676 1657 1705 aerem
1686 1672 1772 1717 igne

360 1715 438 1754 siue
464 1720 606 1767 expelli,
634 1717 711 1756 siue
738 1724 973 1765 commutari,
1004 1717 1079 1756 siue
1105 1723 1152 1756 ita
1179 1720 1337 1766 inuolui,
1355 1729 1396 1756 vt
1422 1720 1575 1768 amplius
1606 1718 1771 1768 dignosci

360 1779 536 1815 nequeat,
564 1782 726 1818 eumque
755 1770 844 1807 dum
872 1770 1018 1808 recedat
1043 1771 1084 1807 ab
1114 1769 1220 1807 acido
1239 1799 1249 1815 ,
1278 1770 1404 1807 locum
1431 1770 1515 1807 dare
1542 1774 1615 1806 aeri
1644 1770 1770 1817 vvitali,

360 1825 397 1853 et
422 1823 589 1856 materiae
616 1820 770 1869 aquosae
800 1825 861 1865 (in
889 1821 965 1858 hoc
999 1821 1058 1858 vel
1087 1831 1295 1867 contentae,
1324 1821 1383 1857 vel
1411 1832 1540 1857 recens
1557 1819 1774 1869 producstae)

360 1865 432 1902 sese
459 1880 544 1905 cum
570 1871 673 1908 acido
702 1870 969 1919 coniungendi,
997 1869 1114 1919 sitque
1141 1874 1232 1908 aeris
1256 1869 1521 1908 inflammabilis
1539 1870 1678 1919 (forsan
1695 1880 1773 1907 tan—

362 1925 443 1953 tum
483 1926 724 1967 commutati,
764 1931 826 1959 aut
860 1926 933 1959 aeri
969 1923 1068 1959 vitali
1095 1931 1204 1969 atque
1232 1934 1346 1969 aquae
1374 1921 1546 1962 admixti)
1572 1918 1635 1958 'vel
1661 1921 1773 1969 ipsam

362 1966 537 2003 {aduram
557 1970 706 2008 'abunde
734 1972 1007 2020 compensandi,
1036 1976 1097 2019 ita,
1126 1981 1167 2008 vt
1193 1985 1240 2008 ne
1268 1971 1416 2021 pondus
1433 1971 1583 2019 quidem
1599 1971 1674 2008 x‘llo
1690 1984 1773 2007 mo-

360 2015 410 2052 do
439 2016 674 2068 diminuatur,
702 2026 792 2069 quin
819 2032 1005 2071 augeatur.
1070 2022 1222 2070 Qubus
1250 2022 1399 2070 quidem
1428 2020 1561 2068 niiffis,
1588 2021 1623 2058 id
1653 2021 1774 2058 saltem

361 2070 415 2102 rei
443 2067 675 2116 phlogistieae
701 2072 891 2109 aduersarii
918 2073 1035 2109 multo
1064 2077 1187 2110 minus
1215 2074 1336 2110 adhuc
1362 2085 1494 2122 negare
1521 2072 1663 2117 valent,
1693 2069 1775 2107 lieri

362 2115 490 2164 posse,
536 2127 576 2155 vt
615 2120 716 2157 acida
752 2123 928 2171 quaedam
963 2127 1111 2160 materia
1149 2136 1214 2172 per
1252 2131 1374 2161 aerem
1401 2121 1697 2160 inflammabilem
1724 2125 1773 2158 ita

362 2170 593 2217 immutetur,
621 2179 662 2207 vt
686 2172 755 2220 illa,
781 2171 941 2212 sensibus
969 2174 1136 2221 amplius,
1163 2185 1234 2221 qua
1261 2174 1356 2220 talis,
1386 2172 1552 2222 dignosci
1578 2185 1655 2209 non
1683 2184 1774 2220 que-

363 2225 415 2253 at:
442 2228 573 2264 aquam
599 2224 719 2269 enirn,
747 2222 974 2261 substantiam
1002 2223 1094 2261 adeo
1122 2224 1241 2261 lenem
1268 2222 1547 2270 inlipidamque,
1579 2236 1598 2259 e
1625 2226 1775 2259 materia

363 2265 530 2304 acidifica
557 2273 776 2318 toxigenio)
804 2283 841 2310 et
867 2281 949 2310 aere
974 2273 1224 2310 inflammabili
1252 2273 1432 2322 constare,
1463 2282 1499 2310 et
1524 2273 1684 2324 separato
1700 2273 1775 2310 hoc

363 2323 460 2363 aere,
489 2319 584 2354 illam
609 2323 742 2358 iterum
770 2323 940 2372 adparere
967 2322 1031 2372 ipsi
1059 2323 1263 2375 perhibent.

225 2370 345 2417 Noua
365 2374 469 2415 Acta
489 2376 620 2416 Acad.
641 2377 743 2430 Imp.
766 2377 835 2421 Sc.
857 2379 899 2421 T.
924 2379 1020 2421 Vll.
1317 2377 1356 2421 K
1392 2381 1419 2422 k
