2007 2702
678 200 832 232 --····—-
865 184 1021 243 (247)
1053 199 1208 228 ==

342 304 388 361 ι)
423 302 573 348 Voces
612 305 818 360 quaedam
856 316 942 348 non
979 303 1075 347 satis
1110 301 1280 345 firmam
1322 303 1507 350 habeant
1547 308 1760 364 fignifica-
1818 326 1821 330 ·

140 371 307 415 tionem
329 401 346 425 .,
394 372 453 413 ita
487 382 533 413 vt
567 384 654 412 non
692 370 857 425 semper
891 383 1017 413 vnam
1054 371 1326 424 eandemque
1374 384 1461 412 rem
1499 375 1720 430 defignent
1741 405 1756 430 ‚

138 439 327 492 indeque
373 437 576 479 fluetuans
623 437 784 477 oriatur
819 436 1116 487 incertitudo,
1168 449 1307 477 novae
1345 449 1475 478 voces
1513 439 1553 478 in
1601 444 1750 483 locum

136 503 403 561 pristinarum
439 501 748 543 substituendae
784 502 998 543 videntur.
1072 500 1143 543 Sic
1179 502 1296 544 idem
1332 501 1407 544 ille
1440 500 1655 557 Limam,
1699 508 1751 548 de

137 580 312 612 naturae
349 567 517 610 historia
552 567 856 609 immortaliter
892 567 1070 609 meritus
1093 596 1108 619 7
1144 567 1280 609 multa
1316 570 1489 623 antiqua
1526 568 1753 611 herbarum

135 633 348 679 vocabula
381 645 480 674 cum
518 633 644 674 nouis
682 643 949 674 commutare
972 661 987 685 ‚
1042 633 1358 686 ardtioremque
1399 631 1754 688 significationem

134 699 185 741 iis
220 698 426 740 subiicere
463 697 577 740 haud
615 697 860 749 dubitauit,
907 696 1113 751 quoniam
1152 697 1340 739 botanici
1377 709 1546 740 veteres
1581 698 1752 753 linguae

135 765 358 806 technicae
396 765 571 820 ακξιβεια
606 772 816 814 carentes,
853 763 976 817 saepe
1013 774 1197 804 numero
1233 763 1403 817 plantae
1431 764 1655 805 cuiusdam
1677 778 1757 805 no-

132 843 233 871 men
255 859 270 882 .,
309 841 396 884 quo
433 829 502 870 alii
538 828 591 870 ad
629 827 928 882 designandam
964 828 1155 882 plantam
1191 828 1381 882 aliquam
1416 829 1475 870 vfi
1510 839 1665 883 erant,
1700 829 1754 871 ad,

132 895 292 937 herbae
328 906 462 949 genus
501 893 798 935 transtulerunt
832 892 1004 948 prorsus
1042 892 1278 933 diuersum.

332 991 380 1045 2)
425 990 596 1033 Deinde
648 990 676 1032 fi
717 990 980 1033 vocabulum
1033 990 1212 1046 aliquod
1267 1001 1393 1032 vnam
1447 990 1753 1032 tantummodo

131 1069 225 1098 rem
263 1056 453 1112 designet
471 1076 494 1110 ‚·
520 1057 704 1098 exemtis
740 1056 942 1099 omnibus
980 1056 1072 1098 aliis
1095 1085 1109 1108 ‚
1144 1057 1201 1097 ita
1237 1066 1285 1097 vt
1318 1067 1503 1107 omne5‚
1552 1055 1625 1109 qui
1660 1056 1751 1097 vim

130 1123 223 1163 eius
260 1122 562 1177 cognoscunt,
616 1122 725 1164 hanc
770 1135 894 1163 vnam
934 1134 1013 1162 nec
1049 1120 1174 1163 aliam
1211 1134 1305 1162 rem
1342 1120 1605 1174 intelligant3
1659 1119 1751 1162 sua-

130 1187 268 1228 denda
306 1197 447 1229 tamen
483 1187 619 1229 videri
655 1187 778 1242 poffit
813 1187 940 1228 huius
979 1186 1181 1228 vocabuli
1234 1199 1332 1228 cum
1378 1185 1608 1226 recentiori
1650 1198 1748 1240 per·

127 1252 335 1303 mutatio,
371 1251 399 1291 fi
435 1252 695 1293 vocabulum
734 1252 819 1293 hoc
857 1252 956 1293 artis
993 1251 1135 1291 minus
1169 1251 1334 1305 peritos
1372 1249 1412 1289 in
1451 1262 1645 1290 errorem
1680 1250 1747 1290 iu-

126 1315 285 1357 ducere
320 1315 474 1368 possit:
510 1316 554 1356 id
592 1315 735 1370 quod,
770 1314 799 1355 fi
837 1315 940 1369 quid
976 1315 1142 1367 iudico,
1180 1325 1272 1355 tum
1309 1313 1539 1369 praecipue
1575 1314 1748 1367 accidit,

121 1379 152 1420 fi
186 1378 254 1421 vel
297 1392 456 1421 nomen
494 1392 594 1421 cum
629 1380 715 1434 ipsa
745 1392 788 1421 re
812 1391 998 1434 pugnat;
1033 1379 1160 1431 <sicut
1195 1380 1342 1421 oleum
1381 1380 1523 1420 tartari
1557 1393 1638 1433 per
1672 1381 1749 1420 de·

123 1444 307 1500 liquium
331 1473 345 1498 ‚
380 1446 529 1487 oleum
566 1446 710 1486 martis
732 1474 746 1497 ‚
800 1458 908 1499 quae
948 1446 1124 1501 quidem
1161 1446 1338 1486 nomina
1374 1452 1549 1485 naturae
1585 1445 1745 1485 horum

123 1509 358 1552 fluidorum
395 1509 521 1565 plane
557 1509 794 1564 incongrua
831 1511 960 1562 sunt,
1004 1510 1213 1563 siquidem
1251 1521 1351 1549 cum
1387 1508 1492 1549 oleo
1526 1509 1586 1550 nil
1621 1521 1746 1564 pror-

123 1573 189 1614 sus
227 1575 411 1616 habeant
447 1588 718 1627 commune,
753 1587 928 1627 neque,
966 1585 1012 1616 vt
1047 1575 1194 1615 oleum
1217 1602 1233 1626 ‚
1277 1572 1479 1615 comburi
1513 1573 1744 1628 possano:

124 1636 190 1678 vel
222 1639 250 1679 fi
285 1652 443 1682 nomen
484 1641 703 1695 quoddam
725 1668 740 1691 .‚
793 1641 989 1695 quamuis
1037 1651 1135 1680 cum
1171 1639 1233 1680 rei
1272 1638 1554 1693 designandae
1590 1640 1741 1680 indole

121 1701 236 1744 haud
271 1703 392 1756 plane
427 1716 627 1760 pugnet,
680 1704 839 1746 alienas
893 1714 1035 1745 tamen
1081 1704 1288 1758 quasdam
1333 1704 1389 1745 de
1424 1703 1505 1745 hac
1539 1717 1586 1746 re
1620 1705 1737 1746 ideas

122 1766 307 1808 excitare
342 1770 493 1822 poffit:
547 1784 584 1812 e.
623 1784 665 1825 g.
719 1770 966 1812 Mercurius
1001 1770 1304 1824 praecipitatus
1341 1768 1493 1816 ruber;
1551 1771 1594 1811 in
1648 1783 1738 1823 quo

123 1830 397 1874 conficiendo
432 1836 651 1877 metallum
690 1835 869 1876 minime
892 1865 906 1888 ,
942 1848 1030 1892 ope
1064 1834 1173 1876 alius
1206 1835 1305 1885 rei,
1346 1847 1372 1875 e
1408 1834 1623 1875 menstruo
1661 1833 1737 1877 suo

123 1896 304 1938 eiestum
340 1897 430 1950 est,
478 1899 560 1950 (id
597 1901 714 1955 quod
751 1911 891 1942 tamen
928 1914 986 1943 ex
1020 1912 1199 1941 nomine
1234 1899 1314 1940 isto
1350 1898 1502 1954 colligi
1537 1899 1735 1955 poffit)3

121 1961 192 2003 sed
228 1962 315 2004 hoc
352 1971 517 2004 tantum
550 1966 592 2005 vi
627 1967 741 2020 ignis
776 1966 829 2008 ab
864 1966 946 2007 illo
980 1967 1219 2022 separatum
1254 1964 1326 2006 est.

315 2058 364 2112 3)
399 2059 538 2101 Porro
572 2062 699 2103 etiam
735 2077 897 2105 nomen
931 2063 1143 2118 aliquod,
1186 2062 1216 2104 fi
1251 2076 1276 2105 a
1308 2062 1439 2104 rebus
1475 2060 1734 2117 quibusdam

119 2125 342 2175 externis.,
387 2134 430 2165 et
464 2126 513 2166 ad
551 2126 609 2166 rei
646 2127 925 2182 designandae
958 2139 1153 2172 naturam
1189 2129 1316 2184 plane
1353 2142 1441 2169 non
1478 2128 1735 2181 pertinenti·

119 2191 194 2232 bus
232 2190 463 2244 repetitum
501 2193 695 2245 quamuis
729 2206 899 2237 errores
932 2209 1023 2237 non
1063 2195 1257 2245 excitet,
1309 2194 1370 2234 rei
1417 2204 1559 2234 tamen
1601 2193 1731 2247 ipsius

113 2256 309 2297 indolem
348 2256 471 2298 nullo
508 2257 651 2298 modo
679 2260 915 2313 exprimat,
948 2260 1214 2302 adiuuandae
1249 2257 1559 2313 perspicuitatis
1596 2258 1731 2299 cauffa

109 2321 194 2364 iam
229 2322 406 2365 nomine
442 2322 556 2377 alio,
594 2325 838 2380 eodemque
870 2326 935 2368 rei
967 2325 1097 2383 ipsius
1128 2333 1303 2367 naturae
1338 2323 1477 2380 magis
1511 2335 1730 2377 congruo,

1633 2398 1732 2439 per-
