2007 2702
765 254 918 269 ····-
952 239 1104 297 (284)
1138 256 1290 283 ξ·-

221 366 291 399 tur
327 356 446 412 (a),
487 368 671 413 quorum
707 358 916 399 vtrumuis
954 358 1125 399 craffitie
1162 359 1247 400 cuti
1286 358 1372 399 fere
1409 358 1608 413 aequale,
1646 359 1821 406 interius

222 432 364 464 tamen
402 423 606 464 exteriori
649 423 865 478 aliquanto
912 424 1073 464 craffius
1117 424 1187 464 est.
1258 424 1444 478 Singulis
1490 425 1821 478 proprietatibus

220 487 302 528 suis
340 487 527 528 exterius
567 488 651 528 cuti
688 488 864 541 propius
904 488 1121 542 aliquanto
1158 490 1338 539 accedit„
1374 490 1550 529 interius
1581 490 1824 533 cellulosae.

217 551 301 603 Vt⁷
338 551 366 591 fi
403 552 453 591 ad
489 560 631 592 cutem
667 553 772 593 haec
808 553 924 593 strata
959 555 1150 605 referas7
1202 554 1279 594 tria
1317 553 1441 593 huius
1478 554 1595 596 strata
1630 555 1709 595 fint
1746 569 1825 596 nu-

217 616 444 666 meranda,
483 616 637 668 quibus
674 618 882 668 gradatim
920 618 1117 668 quidem,
1155 630 1238 657 non
1280 617 1423 657 sensim
1462 617 1711 673 sensimque,
1751 632 1827 661 cu-

217 681 268 720 tis
306 683 347 721 in
387 680 527 729 hanc,
585 691 690 732 quae
727 679 896 732 adipem
935 681 1164 731 continet,
1219 681 1465 722 celluiosam
1502 683 1693 724 transeat.
1766 683 1830 724 Et

216 744 350 795 magis
408 742 581 795 quidem
628 742 766 783 multo
813 744 986 797 propria
1023 745 1156 795 cutis,
1209 744 1275 785 seu
1315 745 1481 786 stratum
1519 748 1727 787 extimum
1753 776 1766 798 ,
1803 761 1826 789 a

216 807 362 847 medio
385 834 397 857 ‚
456 819 580 859 quam
626 806 711 846 hoc
756 807 808 848 ab
844 808 1012 860 infimo,
1048 809 1202 850 differt.
1289 809 1450 863 Aliqua
1486 810 1613 862 igitur
1647 812 1822 852 firmitas

215 881 341 925 atque
378 870 552 911 durities
589 870 631 910 in
668 873 868 912 exteriori
908 873 1062 913 horum
1100 874 1320 914 stratorum
1360 874 1623 925 obserantur,
1662 888 1740 928 qua
1761 876 1827 915 in-

214 936 385 989 figniter
421 948 441 975 a
479 936 700 976 communi
740 937 939 979 cellulosa
976 938 1171 986 differat„
1210 953 1290 993 qua
1329 939 1434 979 cutis
1475 949 1663 979 naturam
1702 940 1827 979 affec-

217 1010 304 1041 tare
348 999 566 1048 ridentum
621 1011 660 1041 at
695 1001 824 1055 longe
862 1012 1002 1044 tamen
1040 1018 1060 1044 a
1098 1004 1204 1043 cutis
1243 1004 1397 1043 duritie
1436 1013 1561 1056 atque
1599 1004 1823 1044 tenacitate

218 1074 260 1105 et
296 1064 494 1105 firmitate
535 1065 665 1106 distat.
736 1066 924 1107 Extendi
963 1068 1075 1108 enim
1115 1069 1309 1108 omnino.
1355 1068 1476 1108 facile
1507 1068 1651 1117 eriam‚
1671 1068 1825 1121 potest,

217 1140 259 1169 et
296 1129 431 1183 potest
466 1129 506 1169 in
545 1130 631 1181 fila,
671 1130 737 1170 sed
776 1132 937 1172 nonnisi
977 1133 1173 1172 breuiora
1207 1133 1499 1183 craisoraque,
1536 1133 1707 1172 extendi
1737 1131 1824 1185 (b).

217 1193 258 1236 Si
298 1207 428 1245 porro
466 1195 632 1235 trabere
679 1208 864 1249 pergas,
917 1207 963 1236 vt
1007 1197 1204 1251 longiora
1251 1198 1530 1250 tenuioraque
1576 1197 1645 1237 fila
1690 1196 1824 1249 fiant,

216 1257 436 1297 substantia
472 1259 698 1311 rumpitur.
768 1260 1067 1301 Tenacitatem
1105 1275 1208 1314 ergo
1246 1272 1287 1301 et
1318 1261 1593 1303 duetilitatem
1618 1261 1824 1315 aliquam,

219 1334 345 1375 quam
384 1322 491 1361 cutis
530 1322 689 1361 nullam
726 1322 886 1373 habet,
934 1325 1113 1375 posidet
1147 1326 1360 1373 omnino,
1406 1326 1474 1362 sed
1511 1327 1641 1375 longe
1680 1326 1822 1364 mino-

215 1398 307 1425 rem
348 1398 472 1437 quam
512 1384 726 1425 cellulosa.
815 1385 1000 1427 Stratum
1048 1387 1221 1426 interius
1260 1386 1386 1426 etiam
1425 1386 1627 1426 exteriori
1665 1387 1820 1426 duritie

215 1458 258 1490 et
294 1448 493 1488 firmitate
530 1449 675 1497 cedit,
728 1449 796 1488 ied
843 1450 1119 1490 duetilitatem
1158 1450 1255 1489 ideo
1293 1451 1497 1489 maiorem
1536 1463 1622 1489 non
1659 1449 1821 1501 habet,

218 1513 319 1566 quin
359 1512 428 1553 nifi
468 1513 591 1552 crassa
628 1512 861 1565 breuiaque
899 1512 968 1553 fila
1004 1514 1084 1566 (c)
1123 1514 1217 1554 duci
1255 1527 1307 1554 ex
1345 1527 1397 1553 eo
1436 1513 1610 1553 minime
1639 1514 1821 1568 poffilnt.

214 1576 463 1631 Vtrumque
500 1577 668 1617 stratum
707 1577 913 1617 maiorem
955 1591 1078 1632 quam
1117 1580 1240 1627 cutis,
1277 1578 1487 1618 minorem
1527 1590 1651 1629 quam
1689 1578 1822 1617 cellu-

217 1639 335 1692 lostr,
381 1641 717 1694 pelluciditatem
755 1642 948 1695 polifdet.
1019 1643 1066 1683 In
1105 1643 1167 1683 nis
1206 1643 1332 1683 stratis
1373 1642 1482 1681 haud
1521 1642 1652 1694 magis
1693 1653 1821 1693 quam

215 1705 258 1745 in
298 1715 393 1745 cute
431 1707 525 1759 pori
564 1716 633 1746 aut
670 1705 802 1746 cellae
840 1717 909 1747 aut
944 1707 1160 1748 interstitia
1197 1707 1278 1746 vlla
1315 1705 1612 1752 inueniuntur3
1650 1714 1690 1745 at
1725 1718 1820 1757 gra-

215 1782 267 1810 na
305 1769 452 1810 fimilia
489 1770 676 1811 cutaneis
715 1772 895 1811 omnino
933 1783 1135 1826 apparent
1171 1771 1281 1822 (d).
1367 1768 1428 1809 Ea
1467 1769 1604 1809 minus
1644 1770 1818 1823 quidem

219 1847 345 1887 quam
390 1835 431 1874 in
479 1844 575 1875 cute
612 1834 803 1876 obsoleta
839 1835 947 1876 sunt.
1015 1835 1282 1876 Rotundiora
1318 1832 1612 1885 limitibusque
1648 1846 1819 1875 accura-

215 1898 298 1938 tius
343 1898 659 1953 circumscripta
698 1898 861 1940 facilius
901 1900 1237 1953 distinguuntur5
1291 1911 1375 1937 non
1414 1907 1551 1938 tamen
1589 1910 1643 1938 eo
1679 1910 1814 1951 vsque

213 1970 260 2001 vt
296 1974 393 2002 cum
431 1964 566 2016 adipis
605 1963 797 2004 vesiculis
837 1964 1071 2016 comparari
1107 1960 1272 2016 poffint.
1341 1962 1496 2016 Neque
1534 1961 1726 2015 stipatae,
1769 1970 1817 2002 vt

215 2024 351 2079 adipis
388 2026 619 2076 vesiculam
672 2028 742 2069 sed
780 2027 1008 2083 dispersae,
1052 2028 1170 2068 velut
1204 2028 1245 2068 in
1283 2037 1405 2081 cute,
1440 2037 1481 2067 et
1516 2028 1696 2069 rariores
1733 2025 1812 2066 ob·-

1728 2090 1813 2132 ser-

317 2219 381 2266 (a)
434 2215 495 2267 fig.
521 2231 552 2256 2.
582 2231 613 2257 c.
642 2219 674 2258 d,
707 2218 767 2271 fig.
792 2232 823 2270 3.
848 2219 884 2257 h.
910 2223 934 2258 i.

315 2279 383 2327 (b)
437 2278 498 2328 fig.
524 2293 554 2328 3.
581 2282 616 2318 k.

313 2342 377 2387 (c)
431 2337 492 2389 fig.
520 2353 549 2388 3.
576 2342 597 2377 l.

314 2402 382 2451 (d)
434 2401 496 2455 fig.
522 2416 554 2442 2.
579 2419 616 2444 n.
641 2403 702 2456 fig.
727 2417 758 2455 3.
783 2406 819 2444 h.
844 2410 868 2445 i.
