2007 2702
615 207 768 246 -·’-
800 209 956 271 (179)
989 226 1145 241 -···

76 335 239 389 infesta,
274 333 406 379 finem
442 329 544 375 facit
577 331 645 375 his
679 331 847 375 verbis:
882 329 1083 393 Quoniam
1117 326 1216 371 haec
1244 325 1387 380 solutio
1418 337 1500 372 tam
1521 334 1683 387 egregie

75 416 163 447 cum
194 400 453 456 praecedente
486 400 662 440 conuenit
682 426 696 450 ‚
743 396 790 438 id
815 395 993 452 profec‘Zo
1029 392 1140 449 casui
1163 392 1336 450 fortuito
1373 394 1493 436 tribui·
1526 401 1681 451 nequit;

75 465 329 522 quamobrem
372 463 469 506 mihi
509 464 663 516 quidem
707 460 806 503 haec
840 459 991 514 solutio
1022 457 1190 514 prorsus
1210 457 1436 514 stngzilaris
1471 457 1579 503 haud
1606 471 1686 517 pa..

76 545 163 573 rum
196 534 236 573 in
271 529 409 583 recessu
443 527 590 569 habere
626 526 803 579 videtur,
839 526 942 566 vnde
978 537 1065 565 eom
1101 523 1324 566 Geometris
1354 521 1685 578 perscrutandam

71 603 290 654 proponere
324 606 397 635 non
431 591 583 648 dubito,
617 600 666 634 vt
699 592 781 633 eins
803 589 1056 647 soliditatem
1090 603 1143 633 ex
1165 589 1305 643 firmis
1330 590 1545 645 principiis
1578 594 1686 634 cleri-

74 674 176 704 vare
210 668 406 702 conenffllr.

270 790 307 844 ᾗ.
345 803 389 843 7.
455 786 652 828 Maxime
687 785 910 842 probabile
946 785 1151 838 videtur,
1205 783 1417 827 Eulerum
1461 784 1688 841 nostrum,

75 868 174 898 cum
210 855 296 897 hoc
333 861 660 907 argumentum,
696 851 996 906 imperfectum
1034 850 1389 906 quodammon
1425 849 1688 905 deseruerit,

72 921 147 962 nisi
185 920 297 961 forte
333 920 386 959 de
421 916 618 958 industria
655 916 741 958 hoc
777 916 896 967 fecit,
934 916 985 957 ad
1021 916 1119 956 alias
1157 916 1397 970 properasse
1426 915 1690 968 disquifitio-

74 998 151 1027 nes
189 984 322 1038 magis
359 983 540 1033 arduas,
594 994 772 1032 quarum
809 980 922 1022 haud
959 993 1054 1021 raro
1090 980 1189 1034 plus
1226 993 1308 1022 vna
1341 980 1465 1021 simul
1500 980 1692 1022 rumina-

74 1049 160 1090 bat.
230 1049 273 1090 Si
309 1049 420 1090 enim
458 1047 527 1088 vel
564 1047 835 1088 centesimam
871 1054 1035 1099 partem
1071 1045 1134 1086 vis
1172 1045 1286 1087 illius
1323 1045 1593 1087 admirandae
1622 1046 1688 1086 in-

73 1114 207 1168 genii„
246 1127 325 1167 qua
362 1111 568 1168 pollebat,
597 1112 847 1166 impendere
885 1109 1082 1151 voluisset
1117 1110 1166 1151 ad
1203 1110 1273 1151 ista
1310 1111 1438 1152 dubia
1474 1109 1686 1165 tollenda,

74 1179 183 1220 nihil
213 1180 406 1233 profedto
445 1177 568 1219 nobis
610 1176 734 1231 super
779 1177 864 1217 hoc
909 1184 1164 1228 argumento
1204 1175 1525 1216 desiderandum
1564 1176 1689 1217 resta-

72 1254 150 1284 ret.
231 1242 381 1296 Quum
416 1251 592 1293 autem,
647 1241 765 1294 quod
803 1240 988 1281 maxime
1026 1240 1263 1280 dolendum
1287 1270 1299 1290 a
1345 1240 1454 1281 hanc
1491 1239 1688 1281 lacunam

70 1307 161 1348 aliis
208 1305 483 1359 supplendam
528 1305 790 1359 reliquiss‘et3
843 1315 922 1343 nec
959 1304 1096 1343 astum
1133 1304 1286 1357 egisse,
1322 1317 1463 1359 neque
1503 1304 1687 1346 nimium

69 1371 176 1411 mihi
214 1369 391 1409 sumfiffe
427 1368 607 1423 videar⁷
652 1368 710 1421 fi,
745 1367 888 1409 verbis
925 1367 1076 1409 Euleri
1113 1367 1233 1423 supra
1269 1369 1404 1411 allatis
1441 1369 1687 1424 impulsus,

68 1435 397 1477 dilucidationes
419 1463 432 1484 7
489 1447 590 1488 quas
637 1434 810 1475 vberius
846 1432 1114 1475 solutionum
1150 1434 1323 1476 illarum
1358 1447 1541 1477 examen
1576 1435 1686 1478 mihi

68 1499 410 1551 subministranit,
447 1498 543 1539 heic
580 1499 837 1554 exposuero.

262 1627 298 1682 ς.
340 1638 378 1673 8.
445 1627 596 1670 Primo
617 1628 747 1683 igitur
764 1627 956 1670 valorem
977 1627 1018 1668 in
1041 1627 1251 1682 postrema
1272 1628 1486 1671 solutione
1504 1641 1585 1684 pro
1607 1642 1688 1672 nu·

73 1701 282 1733 meratore
317 1693 348 1734 F
385 1694 608 1735 inuentum
647 1694 893 1734 immediate
931 1707 986 1734 ex
1019 1694 1156 1747 prima
1192 1694 1404 1736 solutione
1445 1695 1683 1749 deriuabo,

72 1755 281 1809 simulque
309 1758 516 1801 rationem
545 1758 788 1814 partitionis
821 1758 935 1800 illius
967 1759 1203 1801 diuinando
1227 1770 1391 1813 erutae,
1417 1759 1687 1815 perspicuam

73 1819 240 1861 faciam.
294 1821 413 1862 Tum
449 1837 552 1865 vero
591 1824 839 1865 senteutiam
868 1824 983 1865 illam
1005 1822 1157 1866 Euleri
1185 1825 1219 1879 ᾗ.
1245 1838 1285 1875 5.
1315 1824 1602 1880 supplementi
1624 1826 1687 1868 al-

70 1885 214 1936 latam,
255 1886 372 1939 quod
407 1888 449 1927 in
481 1890 749 1943 expreffione
784 1889 909 1944 ipsius
946 1888 977 1930 F
1013 1899 1152 1943 partes
1190 1889 1324 1931 reales
1351 1903 1433 1945 pro
1462 1887 1547 1945 Bp,
1577 1891 1686 1933 ima-

70 1950 250 2005 ginarias
288 1963 393 1991 vero
429 1965 509 2005 pro
543 1951 750 2008 'dqy'—
773 1968 792 1994 1
832 1954 998 1995 sumere
1036 1968 1124 1997 non
1159 1955 1304 2008 liceat,
1331 1957 1609 2010 examinabo,
1639 1965 1683 1998 et

70 2015 316 2067 ostendam,
359 2018 583 2068 quomodo
625 2020 792 2062 valores
829 2020 928 2062 inde
964 2030 1234 2075 emergentes
1270 2022 1433 2062 trastari
1471 2022 1680 2074 debeant,

69 2089 118 2121 vt
160 2080 421 2121 solutionem
466 2095 566 2124 cum
600 2084 830 2127 Euleriana
865 2087 1200 2128 conuenientem
1235 2086 1520 2141 suppeditent.
1589 2086 1682 2128 De-

70 2145 201 2200 nique
246 2158 404 2186 nouam
434 2146 704 2191 solutionem
748 2152 792 2193 in
828 2151 1022 2193 medium
1057 2156 1293 2207 proferam,
1328 2161 1555 2206 Vtramque
1592 2150 1683 2193 for-

331 2212 385 2236 Nm

70 2241 232 2284 mulam
259 2214 377 2326 s⁹1
402 2210 550 2326 43²
586 2249 945 2303 compleCientem
968 2278 983 2304 ⁷
1032 2261 1138 2304 quae
1174 2261 1262 2289 non
1298 2247 1438 2290 solum
1473 2261 1528 2291 ex
1562 2248 1681 2304 prin-

71 2352 193 2413 cipiis
232 2335 473 2396 solidissime
510 2355 803 2401 demonstratis
839 2357 888 2462 fiZt
922 2358 1129 2413 deriuata,
1164 2356 1234 2399 sed
1271 2357 1399 2400 etiam
1425 2371 1504 2414 per
1531 2357 1675 2400 calcu-

922 2435 947 2461 2
1608 2420 1675 2462 los
