2007 2702
717 251 871 266 ·--·
905 235 1060 293 (279)
1094 252 1249 267 -····

166 353 332 398 leculae
369 353 502 410 adipis
526 385 538 407 ,
585 367 759 409 aggeres
798 354 1073 396 vesicularum
1112 355 1388 396 minimarum
1414 384 1425 406 ,
1471 358 1638 413 adipem
1676 373 1783 405 con.

168 422 415 472 timentium,
453 422 490 461 se
528 420 910 473 repraelentabant.
950 420 1029 473 (a)
1098 420 1217 461 Inter
1252 433 1326 460 eos
1364 433 1539 474 aggeres
1577 427 1685 468 clara
1718 438 1785 469 te-

166 487 260 527 nuis
307 484 538 541 gelatinosa
585 485 804 526 substantia
855 485 948 525 fuit.
1036 485 1154 526 Ilaec
1193 485 1368 527 horsum
1404 486 1596 528 istorsum
1631 491 1672 531 in
1709 505 1784 534 va-

165 553 336 605 riasque
374 550 627 590 direc‘tiones
667 548 789 591 facile
826 550 1001 592 extendi
1038 549 1139 602 sese,
1162 561 1205 592 et
1240 551 1451 606 elongari,
1473 562 1516 593 et
1550 553 1591 593 in
1626 555 1783 599 formas

169 627 445 670 quascunque
483 628 561 668 pro
599 614 874 664 lubinuduci
912 616 1069 668 patitur
1106 615 1222 669 (b).
1294 617 1337 658 Si
1374 617 1533 659 acubus
1556 631 1661 660 vero
1683 620 1786 662 dua·

169 680 248 722 bus
294 693 495 733 exiguam
541 680 792 734 pariculam
832 680 958 720 huius
997 679 1242 722 substantiae
1282 681 1354 723 sub
1394 683 1687 738 microscopio
1725 685 1790 724 su-

165 759 241 800 per
278 746 523 786 orbiculum
561 746 733 799 longius
772 745 989 798 paulisper
1028 745 1294 799 distraxeris,
1343 748 1501 788 mirum
1538 748 1621 801 est,
1660 761 1789 804 quam

163 810 345 865 pulchra
383 811 601 864 nitidaque
640 810 894 862 crystallina,
932 823 1066 862 eaque
1105 813 1350 862 tenerrima,
1371 813 1586 855 filamenta
1614 815 1790 854 retifor-

166 876 249 916 mia
287 876 484 916 oriuntur
521 874 638 927 (c);
675 884 721 916 vt
756 875 832 916 hac
871 876 1093 915 teneritate
1131 886 1174 915 et
1211 877 1439 931 efegantia,
1478 892 1561 933 qua
1597 878 1670 919 sub
1705 879 1790 920 mi-

166 941 395 994 croscopio
441 949 676 996 apparent,
729 940 889 993 picium
934 940 1055 980 reddi
1095 940 1271 982 minin-e
1312 951 1483 998 queant.
1569 943 1726 996 Haec,
1760 944 1791 986 fi

164 1005 433 1046 transuerfim
474 1016 653 1046 traxeris
699 1004 946 1046 substantiae
984 1005 1338 1058 portiunculam,
1377 1008 1611 1050 transuersa
1657 1008 1789 1062 sunt,

167 1083 275 1123 quae
314 1071 544 1121 oriuntur,
590 1071 824 1111 tenniflinm
861 1070 1079 1112 filamenra
1115 1072 1387 1124 retiformia,
1424 1074 1577 1115 areolis
1615 1073 1788 1115 inclusis

161 1135 366 1188 oblongis
413 1135 729 1175 rhomboideis.
801 1134 995 1176 Eandem
1036 1135 1281 1179 substantiae
1319 1139 1597 1193 partionem,
1649 1138 1677 1179 fi
1716 1139 1791 1181 de-

161 1212 251 1240 nuo
298 1199 532 1240 secundum
579 1199 900 1252 longitudinem
950 1204 1180 1250 extenda53
1237 1202 1453 1245 filameuta
1503 1206 1646 1259 priora
1684 1216 1792 1245 con-

164 1263 418 1313 funduntur,
458 1264 680 1311 delentur,
721 1264 940 1306 substantia
980 1266 1185 1314 confiuit3
1224 1280 1335 1309 noua
1373 1270 1673 1321 producuntur
1698 1268 1794 1311 fila-

160 1339 339 1380 menta,
376 1328 534 1382 pariter
572 1329 846 1380 reriformia,
903 1343 1008 1371 areis
1047 1331 1204 1386 pariter
1241 1333 1541 1376 rlionboideis
1579 1333 1789 1387 inclusis,

161 1393 230 1435 sed
268 1394 319 1434 ad
355 1394 677 1447 longitudinem
716 1395 851 1435 ducta-
925 1395 1064 1437 Facile
1102 1409 1158 1438 ex
1196 1397 1260 1438 his
1298 1399 1502 1440 omnibus
1541 1399 1691 1451 vides,
1727 1399 1791 1441 se-

161 1459 419 1510 mifluidam,
458 1467 668 1510 tenacem,
705 1460 968 1513 pellucidam
1006 1461 1292 1512 substantiam,
1330 1476 1515 1517 eamque
1553 1465 1621 1505 sua
1644 1474 1792 1508 natura

159 1524 410 1565 continuam
449 1524 548 1574 effe,
589 1537 694 1576 quae
733 1526 930 1575 confluit,
967 1537 1037 1566 aut
1075 1526 1198 1568 facile
1234 1528 1382 1584 potius
1419 1528 1641 1583 cohaeret,
1681 1540 1789 1584 quae

160 1589 205 1629 in
241 1602 395 1632 omnes
434 1589 593 1631 formas
634 1589 758 1632 facile
797 1591 896 1631 duci
931 1590 1082 1645 potest.

357 1719 557 1771 Accidit,
596 1733 695 1762 cum
733 1719 838 1761 haec
877 1720 1133 1775 experirer,
1185 1731 1233 1765 vt
1269 1736 1364 1766 aere
1401 1724 1442 1766 in
1480 1724 1789 1780 substantiam}

159 1781 278 1824 varie
315 1784 528 1838 agitatam,
567 1786 770 1840 ingresso,
809 1786 950 1828 bullae
991 1791 1198 1841 quaedam
1237 1803 1383 1831 aereae
1417 1791 1624 1834 formatae
1645 1792 1686 1833 in
1709 1805 1787 1834 ex-

166 1847 281 1888 tensa
320 1848 440 1902 super
475 1851 719 1893 orbiculum
760 1852 989 1894 cellulosae
1028 1855 1229 1907 portione
1267 1856 1306 1896 se
1331 1856 1787 1910 repraesentarentsod

165 1912 348 1964 litariae,
387 1914 497 1954 haud
535 1917 753 1970 minimae,
791 1920 1001 1960 rotundae
1039 1917 1151 1975 (d).
1223 1921 1312 1963 Has
1350 1920 1464 1963 facili
1502 1923 1680 1976 negotio
1711 1935 1791 1966 acu

163 1992 218 2020 ex
256 1978 358 2018 loco
394 1979 470 2019 sno
507 1980 548 2020 in
585 1982 829 2035 substantia,
868 1993 1073 2037 quantum
1112 1985 1269 2040 lubuit,
1304 2000 1585 2041 promouere,
1609 1988 1791 2030 iterum-

164 2056 246 2099 que
280 2043 528 2099 repellere,
571 2060 784 2104 vnamque
822 2050 1035 2092 maiorem
1071 2051 1115 2093 in
1153 2053 1281 2107 duas,
1321 2061 1433 2108 tres,
1468 2054 1540 2096 vel
1577 2064 1791 2110 quatuor,

1698 2118 1784 2163 mi-

238 2264 302 2308 (a)
352 2258 416 2311 fig.
444 2273 469 2299 1.
497 2272 528 2298 e.
556 2273 588 2298 e.

239 2326 304 2374 (b)
360 2323 422 2375 fig.
449 2339 474 2363 1.
502 2326 536 2364 b.
564 2326 597 2364 b.
629 2327 662 2367 b.
690 2341 721 2368 c.
749 2343 778 2373 c.

232 2393 303 2437 (c)
357 2386 418 2438 fig.
446 2402 471 2426 1.
504 2388 537 2426 d.

234 2449 623 2505 ffi)figrfirfi
