2007 2702
693 233 844 249 —
879 211 1035 268 (287)
1072 231 1222 245 --

146 328 344 385 guttatim
382 327 570 384 deposita
606 326 650 369 in
686 342 735 370 ea
770 327 968 370 materies
1005 327 1177 382 adiposa
1212 337 1361 368 caueas
1393 327 1641 383 impresserit
1661 328 1757 372 sub-

145 396 422 449 stantiamque
458 394 500 435 in
537 404 685 434 tenues
722 394 943 447 pelliculas
980 392 1239 444 extenderit,
1281 390 1335 430 fic
1372 392 1495 434 nidos
1535 396 1645 449 quasi
1680 396 1756 437 fibi

143 462 384 515 parauerit,
419 469 462 500 et
496 458 631 511 adipis
668 458 922 499 formauerit
957 457 1179 510 vesiculas,
1215 466 1381 497 certum
1417 457 1487 497 est.
1555 460 1757 501 Successit

145 525 254 566 mihi
291 523 554 579 aliquoties,
597 530 678 575 vt,
723 523 1054 578 comprimendo
1091 521 1353 574 veficulam‚
1390 521 1498 562 hanc
1535 524 1757 578 ruperim,

142 589 477 646 pelliculamque
513 595 557 627 et
592 587 812 628 materiam
859 597 1109 629 contentam
1145 587 1319 628 fluidam
1356 586 1579 628 manifesto
1617 588 1758 628 distin-

140 655 296 698 xerim.
365 651 584 694 Vesiculas
622 665 644 692 a
678 652 718 692 se
754 652 944 693 inuicem
980 654 1168 707 separare
1213 651 1388 692 difficile
1434 652 1491 693 est
1539 651 1597 693 ob
1642 660 1759 693 tena-

143 721 314 760 citatem
351 717 509 772 partim
544 715 791 758 substantiae
812 746 825 769 ,
867 731 949 772 qua
984 716 1191 758 vesiculae
1228 725 1271 757 et
1306 715 1530 769 constant,
1567 725 1611 757 et
1644 716 1759 759 inter

137 784 179 824 se
217 783 468 835 cohaerent,
503 783 658 836 partim
697 781 753 822 ob
788 781 922 836 ipsam
957 781 1238 822 vesicularum
1274 782 1547 835 paruitatem,
1576 793 1760 836 quarum

138 848 397 889 diametrum
433 847 658 889 tenuiffimi
694 859 793 888 acus
832 859 984 887 mucro
1022 847 1162 886 multo
1191 845 1363 886 crassitie
1392 845 1571 900 superat.
1633 845 1760 888 Ten-

138 913 279 954 tabam
318 912 425 953 hanc
463 911 772 965 separationem
808 911 851 951 in
888 910 1062 964 glebula
1105 910 1241 965 adipis
1264 939 1278 961 ‚
1329 908 1458 952 saliua
1501 910 1758 953 humeRata.

137 977 325 1029 Trium,
363 986 562 1030 quatuor,
601 977 808 1031 quinque,
845 986 916 1017 aut
950 975 1158 1030 plurium,
1195 974 1478 1016 vesicularum
1513 975 1755 1017 moleculas

135 1056 160 1084 a
196 1041 322 1095 gleba
367 1040 516 1095 abrupi
563 1040 669 1093 (a);
724 1041 935 1096 simplices
991 1040 1194 1081 vesiculas
1249 1039 1436 1094 separare
1483 1054 1571 1081 non
1616 1041 1756 1095 potui.

136 1106 254 1162 Quas
293 1105 321 1145 si
360 1106 540 1145 nimium
575 1105 798 1158 vrgebam7
836 1105 1094 1159 compressae
1119 1104 1398 1157 dissiluerunt,
1427 1106 1605 1165 fluidum
1629 1106 1756 1146 oleo-

136 1172 229 1211 sum
259 1169 441 1210 effluxit.
510 1170 610 1211 Hoc
649 1171 825 1223 guttulis
864 1169 1104 1210 minoribus
1143 1169 1485 1224 maioribusque,
1521 1179 1568 1211 vt
1604 1170 1754 1211 oleum

136 1247 270 1289 aquae
316 1233 459 1287 solet,
511 1234 661 1276 saliuae
705 1235 921 1276 innatabat
956 1235 1067 1287 (b).
1151 1231 1307 1288 Neque
1355 1234 1529 1276 difficile
1576 1235 1633 1276 est
1676 1235 1752 1277 has

132 1298 320 1354 guttulas
365 1299 416 1339 ab
460 1299 638 1352 integris
683 1299 879 1340 vesiculis
918 1299 1191 1351 discernere,
1245 1300 1488 1340 dummodo
1524 1299 1621 1340 luce
1656 1299 1756 1340 sim·

131 1363 304 1418 pliciter
341 1362 390 1404 ab
428 1362 597 1405 obiecto
634 1363 790 1407 reflexa
812 1392 827 1418 9
879 1376 966 1406 non
1005 1371 1155 1406 contra
1189 1363 1332 1406 lucem
1355 1393 1369 1419 ‚
1418 1378 1440 1407 a
1475 1364 1650 1421 speculo
1686 1377 1754 1407 re-

131 1428 314 1483 flexam,
349 1427 642 1470 obseruantur.

326 1559 478 1615 Adeps
516 1559 763 1602 animalium
802 1560 1070 1604 diuersorum
1115 1573 1206 1603 non
1249 1560 1444 1602 eiusdem
1489 1557 1752 1614 magnitudi-

136 1623 200 1663 nis
236 1625 437 1666 vesiculas
475 1626 614 1667 habet.
670 1626 864 1669 Gallinae
902 1629 1033 1682 adeps
1070 1628 1267 1668 minimas
1307 1624 1490 1667 ostendit
1525 1626 1608 1679 (c).
1652 1624 1750 1666 An-

136 1686 296 1728 serinus
334 1690 563 1731 maioribus
600 1692 781 1746 gaudet,
820 1691 891 1745 (d)
928 1694 970 1734 in
1007 1692 1152 1746 glebas
1191 1691 1409 1744 collectis,
1446 1690 1581 1745 magis
1622 1703 1750 1744 quam

137 1753 181 1792 in
217 1751 327 1804 vlle,
364 1755 478 1806 quod
514 1766 715 1811 expertus
754 1756 844 1796 sum
870 1787 883 1809 ,
929 1758 1102 1799 animali
1140 1755 1381 1808 formosas,
1420 1755 1486 1808 (e)
1530 1755 1749 1809 aequales,

136 1816 319 1869 similes,
355 1816 587 1873 oblongas,
623 1821 763 1862 media
800 1831 918 1875 parte
956 1823 1166 1879 crassiori,
1202 1819 1547 1862 extremitatibus
1585 1821 1750 1861 acumi-

137 1882 261 1923 natis.
307 1880 528 1924 Humanus
566 1885 695 1940 adeps
733 1886 1022 1939 gallinaceum
1074 1897 1117 1928 et
1152 1887 1393 1928 anserinum
1447 1885 1745 1940 magnitudine

136 1945 417 1988 veficularum
452 1947 636 2002 superat3
674 1960 715 1992 at
748 1950 968 2007 superatur
1001 1952 1088 2008 ipse
1125 1952 1304 1994 bouino.
1344 1950 1413 2005 (f)
1448 1950 1535 1992 Hic
1570 1951 1748 2006 quidem

1659 2029 1749 2058 non

234 2152 297 2199 (a)
350 2147 412 2199 fig.
440 2162 467 2196 5.
498 2150 533 2188 b.
559 2151 582 2188 b
618 2151 642 2189 b

239 2201 308 2248 (b)
358 2200 420 2249 fig.
448 2213 475 2246 5.
503 2213 535 2238 c.
561 2213 592 2239 c.
619 2213 651 2239 c.

232 2256 300 2299 (c)
351 2250 412 2300 fig.
442 2253 476 2288 6.
510 2251 544 2288 b.
576 2263 597 2288 c

231 2301 303 2348 (d)
356 2300 417 2350 fig.
445 2311 478 2347 7.
513 2301 546 2338 b.
573 2301 607 2338 b.
633 2304 666 2342 b.

231 2356 299 2400 (e)
351 2350 413 2401 fig.
440 2361 473 2397 7.
506 2364 535 2388 a.
563 2363 584 2388 c

232 2401 293 2452 (f)
343 2400 405 2454 fig.
434 2409 465 2443 8.
491 2413 527 2449 9.
