2007 2702
758 214 908 233 -.-
942 193 1097 251 (256)
1131 213 1282 230 ...-

412 311 500 354 Iam
545 310 872 365 terminologiae
910 309 1128 351 chemicae
1165 309 1389 364 hucusque
1422 307 1592 351 vfitatae
1627 310 1818 355 nudiores

215 378 259 417 in
296 378 419 418 nouis
459 391 598 419 rerum
635 375 884 417 nominibus
922 375 1132 429 fingendis
1156 405 1169 426 ‚
1216 375 1258 415 id
1296 385 1390 416 ante
1427 376 1570 416 omnia
1606 387 1820 432 egerunt,

215 452 262 482 vt
297 456 344 483 ea
379 456 520 484 rerum
557 442 755 484 attributa
777 470 791 492 ‚
837 453 943 494 quae
979 442 1021 480 in
1059 440 1195 481 sensus
1231 440 1452 481 incurrunt
1487 440 1784 493 inuestigarent
1806 469 1821 496 ,

214 507 560 562 inuestigatisque
595 507 665 548 vel
701 519 860 547 nomen
896 506 979 546 iam
1017 505 1235 556 vfitatum‚
1279 505 1347 544 vel
1384 518 1531 546 recens
1568 505 1822 559 excogitan-

218 571 320 611 dum
357 574 615 625 adaptarent.
684 571 754 613 Sic
791 584 828 612 e.
867 583 906 623 g.
944 570 1112 610 acidum
1149 568 1308 610 vitrioli
1349 570 1502 610 dicitur
1537 570 1660 622 illud,
1704 568 1824 623 quod

217 647 316 675 cum
353 646 460 677 terra
498 635 672 676 calcaria
708 635 1008 683 coniutiffilm,
1044 633 1243 686 gypsam,
1288 633 1430 687 (cet.)
1466 634 1633 675 acidum
1670 634 1821 675 fluoris

215 710 321 740 vero
359 701 419 750 id,
458 700 571 752 quod
609 698 751 739 eidem
788 708 922 738 terrae
959 697 1216 748 admixtum,
1256 697 1437 739 fluorem
1474 699 1724 739 mineralem
1760 698 1827 740 ef-

215 763 318 804 ficit.
389 762 476 804 Iam
513 777 650 814 vero,
706 775 805 804 cum
842 772 994 802 terram
1034 761 1264 802 calcaream
1301 775 1392 802 eam
1429 762 1541 813 effe,
1590 776 1695 815 quae
1732 762 1825 816 igni

217 828 533 868 vehementiori
569 827 784 882 expolita,
824 839 934 881 aqua
969 826 1091 867 affusa
1128 826 1379 878 efferuescit,
1415 836 1458 868 et
1492 826 1533 867 in
1571 827 1719 867 eadem
1755 840 1824 868 re-

218 892 413 944 soluitur,
450 903 558 943 cet.7
593 893 704 933 inter
740 905 889 934 omnes
928 891 1020 932 satis
1058 891 1239 939 constet3
1291 892 1466 933 nomina
1501 890 1605 943 ista,
1639 904 1661 932 a
1696 894 1822 932 certis

216 958 336 1000 hisce
373 967 499 1012 atque
536 957 783 998 indubitatis
820 956 1045 997 euentibus
1081 957 1293 1010 repetita,
1339 957 1467 998 etiam
1504 957 1628 1010 plane
1664 956 1826 1010 perspi-

219 1035 312 1073 cua⁷
348 1032 391 1063 et
427 1023 486 1063 rei
524 1032 713 1063 naturam
751 1022 875 1076 plane
912 1021 1213 1074 exprimentia,
1250 1021 1441 1076 nullique
1480 1021 1703 1061 mutationi
1732 1020 1830 1061 sub·

217 1087 321 1127 iedta
357 1087 464 1138 effe,
511 1087 603 1142 quis
644 1087 798 1140 quaeso
836 1085 1126 1128 dubitauerit?
1177 1086 1248 1127 Ad
1287 1098 1401 1127 enoces
1438 1099 1539 1127 vero
1576 1085 1827 1126 nomencla-

218 1162 335 1192 turae
373 1153 669 1193 chemicorum
706 1153 929 1204 hucusque
965 1151 1133 1193 vfitatae
1171 1151 1421 1206 composttos,
1456 1151 1716 1204 easdemque
1742 1162 1829 1190 *eo-

221 1217 320 1256 dem
357 1218 491 1257 modo
529 1218 726 1258 deductas
766 1217 883 1270 quod
919 1218 1094 1265 attinet‚·
1131 1226 1175 1255 et
1199 1209 1283 1257 ‘has
1320 1229 1456 1269 aeque
1493 1216 1634 1270 planas
1671 1224 1714 1255 et
1748 1214 1830 1254 im-

219 1280 446 1321 mutabiles
483 1282 580 1331 effe.,
618 1281 752 1320 dubio
789 1290 922 1327 caret5
960 1293 996 1319 e.
1033 1294 1072 1332 g.
1112 1280 1208 1319 calx
1244 1281 1474 1329 vitriolata,
1503 1281 1694 1320 fluorata.
1769 1278 1833 1319 At

218 1356 325 1385 vero
372 1344 554 1385 chemici
599 1344 859 1384 retentiffimi
895 1343 1021 1383 etiam
1058 1343 1306 1382 interiorem
1344 1355 1485 1381 rerum
1523 1352 1712 1382 naturam
1750 1354 1831 1381 no-

221 1408 408 1449 minibus
446 1408 770 1461 exprimendam
807 1409 886 1447 esse
922 1407 1033 1456 rati,
1080 1419 1165 1447 non
1203 1418 1350 1459 puram
1389 1405 1560 1455 solum,
1597 1416 1828 1456 rerumque

221 1472 358 1513 modo
395 1472 620 1512 euentibus
660 1473 819 1522 nixam,
856 1471 924 1510 sed
962 1471 1138 1510 mixtam
1177 1470 1302 1510 etiam
1341 1469 1574 1509 ratiociniis
1606 1468 1832 1522 experien-

224 1537 345 1588 tiam,
398 1536 439 1576 in
492 1536 762 1576 inueniendis
818 1537 943 1575 nouis
998 1547 1139 1574 rerum
1192 1532 1439 1574 nomnibus
1495 1532 1830 1580 consuluerunt;

225 1601 420 1655 quamuis
459 1602 498 1641 se
536 1600 696 1641 nonnisi
734 1612 882 1654 puram
920 1600 1122 1652 sequutos
1159 1600 1238 1640 effe
1276 1599 1397 1638 nobis
1436 1597 1687 1650 persuadere
1718 1596 1832 1636 velle

223 1666 437 1707 videntur.
507 1665 576 1707 Sic
614 1665 792 1705 nomino
829 1664 905 1704 isto
942 1663 1153 1714 adhibito„
1191 1664 1357 1703 acidum
1390 1661 1654 1712 sinsin-icum,
1690 1661 1834 1713 expri-

226 1730 285 1770 mi
321 1731 508 1780 volunt‚
553 1728 683 1770 sulfur
718 1729 900 1782 simplex
936 1729 1140 1781 oxygenii
1179 1741 1296 1781 ope,
1350 1724 1498 1777 (quod
1537 1726 1643 1766 aeris
1680 1725 1831 1765 vitales

225 1794 337 1836 bafin
373 1795 625 1835 constituere
671 1794 948 1848 perhibent7)
984 1793 1228 1833 acidicalem
1267 1789 1378 1830 suam
1417 1791 1588 1830 demum
1615 1789 1832 1843 recepiss‘e.

227 1859 396 1901 Verum
444 1859 528 1899 hoc
574 1859 684 1899 hand
729 1860 846 1911 prius
892 1871 972 1911 pro
1017 1866 1134 1897 certo
1180 1854 1335 1894 habere
1372 1855 1646 1907 poterimus.,
1706 1865 1834 1905 quam

231 1934 413 1976 quatuor
448 1923 571 1977 haec,
608 1922 867 1978 argumentis
904 1921 1037 1962 firmis
1075 1929 1200 1973 atque
1236 1919 1422 1973 idoneis,
1459 1918 1707 1960 confirmata
1738 1918 1830 1958 fue-

1722 1990 1829 2023 rint:

431 2132 497 2169 cel.
525 2133 661 2181 Hopson
688 2140 728 2173 (a
753 2131 896 2182 general
921 2129 1050 2180 system
1077 2128 1121 2166 of
1141 2129 1355 2180 chyrnistry‚
1386 2128 1543 2179 digested
1570 2129 1640 2166 and
1660 2126 1834 2178 arranged

430 2183 521 2219 with
548 2196 567 2219 a
595 2184 784 2232 particular
810 2186 910 2219 view
938 2191 977 2218 to
1003 2185 1048 2217 its
1076 2181 1292 2228 application
1320 2191 1359 2218 to
1380 2180 1442 2217 the
1458 2190 1547 2230 arts:
1572 2180 1679 2216 taken
1697 2177 1834 2226 chiefly

431 2232 530 2268 from
559 2234 620 2270 the
648 2234 814 2270 German
841 2231 884 2269 of
905 2233 977 2268 Mr.
1007 2231 1065 2270 Wz·
1082 2235 1166 2277 geb.
1203 2231 1368 2267 London
1395 2235 1507 2277 1789)
1543 2239 1579 2266 et
1606 2230 1670 2267 cel.
1697 2231 1835 2265 Areiula

433 2282 616 2329 Hispanus
656 2283 824 2327 (Journal
862 2281 906 2318 de
934 2278 1115 2329 Phylique
1142 2282 1196 2317 M.
1224 2282 1360 2319 Oclob.
1387 2281 1435 2317 A.
1463 2288 1557 2326 1788.
1584 2292 1618 2328 p.
1648 2281 1725 2316 262.
1790 2275 1835 2312 ad

436 2343 494 2368 res
521 2332 665 2369 easdem
692 2330 923 2380 designandas
951 2343 1117 2379 magnam
1146 2332 1413 2368 vocabulorum
1439 2334 1743 2377 excogitaverunt
1772 2338 1835 2365 va-

432 2385 611 2432 rietatem,
638 2385 891 2433 maioremque
918 2386 1168 2434 excogitatum
1193 2386 1257 2433 iri,
1283 2385 1365 2427 Quis
1392 2376 1633 2420 dubitauerit?
