<?xml version="1.0" encoding="UTF-8"?>
<!DOCTYPE html PUBLIC "-//W3C//DTD XHTML 1.0 Transitional//EN"
    "http://www.w3.org/TR/xhtml1/DTD/xhtml1-transitional.dtd">
<html xmlns="http://www.w3.org/1999/xhtml" xml:lang="en" lang="en">
 <head>
  <title>
</title>
<meta http-equiv="Content-Type" content="text/html;charset=utf-8" />
  <meta name='ocr-system' content='tesseract 3.04.00' />
  <meta name='ocr-capabilities' content='ocr_page ocr_carea ocr_par ocr_line ocrx_word'/>
</head>
<body>
  <div class='ocr_page' id='page_1' title='image "./novaactaacademia07impe_0385.png"; bbox 0 0 2007 2702; ppageno 0'>
   <div class='ocr_carea' id='block_1_1' title="bbox 1099 218 1250 227">
    <p class='ocr_par' dir='ltr' id='par_1_1' title="bbox 1099 218 1250 227">
     <span class='ocr_line' id='line_1_1' title="bbox 1099 218 1250 227; baseline 0 2475"><span class='ocrx_word' id='word_1_1' title='bbox 1099 218 1250 227; x_wconf 95' lang='lat' dir='ltr'> </span> 
     </span>
    </p>
   </div>
   <div class='ocr_carea' id='block_1_2' title="bbox 722 185 1250 244">
    <p class='ocr_par' dir='ltr' id='par_1_2' title="bbox 722 185 1250 244">
     <span class='ocr_line' id='line_1_2' title="bbox 722 185 1250 244; baseline 0.008 -4"><span class='ocrx_word' id='word_1_2' title='bbox 722 186 874 233; x_wconf 67' lang='lat'>2--=</span> <span class='ocrx_word' id='word_1_3' title='bbox 909 185 1064 244; x_wconf 75' lang='lat'>(301)</span> <span class='ocrx_word' id='word_1_4' title='bbox 1098 201 1250 216; x_wconf 86' lang='lat'>-····-</span> 
     </span>
    </p>
   </div>
   <div class='ocr_carea' id='block_1_3' title="bbox 167 299 1793 1143">
    <p class='ocr_par' dir='ltr' id='par_1_3' title="bbox 167 299 1793 1143">
     <span class='ocr_line' id='line_1_3' title="bbox 178 299 1790 363; baseline -0.001 -16"><span class='ocrx_word' id='word_1_5' title='bbox 178 301 354 347; x_wconf 81' lang='lat' dir='ltr'>minima</span> <span class='ocrx_word' id='word_1_6' title='bbox 391 300 642 346; x_wconf 63' lang='lat' dir='ltr'>nifiitantes.</span> <span class='ocrx_word' id='word_1_7' title='bbox 711 304 916 359; x_wconf 83' lang='lat' dir='ltr'>Apertura</span> <span class='ocrx_word' id='word_1_8' title='bbox 951 299 1200 346; x_wconf 80' lang='lat' dir='ltr'>branchialis</span> <span class='ocrx_word' id='word_1_9' title='bbox 1233 301 1464 356; x_wconf 77' lang='lat' dir='ltr'>vnica,sub</span> <span class='ocrx_word' id='word_1_10' title='bbox 1502 311 1599 363; x_wconf 71' lang='lat' dir='ltr'>gula</span> <span class='ocrx_word' id='word_1_11' title='bbox 1633 311 1675 353; x_wconf 77' lang='lat' dir='ltr'>in</span> <span class='ocrx_word' id='word_1_12' title='bbox 1700 311 1790 354; x_wconf 67' lang='lat' dir='ltr'>for..</span> 
     </span>
     <span class='ocr_line' id='line_1_4' title="bbox 176 368 1791 433; baseline 0.005 -22"><span class='ocrx_word' id='word_1_13' title='bbox 176 383 292 411; x_wconf 84' lang='lat' dir='ltr'>mam</span> <span class='ocrx_word' id='word_1_14' title='bbox 330 370 431 410; x_wconf 86' lang='lat' dir='ltr'>ferri</span> <span class='ocrx_word' id='word_1_15' title='bbox 467 371 616 425; x_wconf 88' lang='lat' dir='ltr'>equini</span> <span class='ocrx_word' id='word_1_16' title='bbox 655 368 870 422; x_wconf 82' lang='lat' dir='ltr'>formata,</span> <span class='ocrx_word' id='word_1_17' title='bbox 917 368 1166 411; x_wconf 84' lang='lat' dir='ltr'>membrana</span> <span class='ocrx_word' id='word_1_18' title='bbox 1204 368 1438 411; x_wconf 85' lang='lat' dir='ltr'>branchiali</span> <span class='ocrx_word' id='word_1_19' title='bbox 1471 386 1546 426; x_wconf 86' lang='lat' dir='ltr'>per</span> <span class='ocrx_word' id='word_1_20' title='bbox 1579 378 1791 433; x_wconf 76' lang='lat' dir='ltr'>integram</span> 
     </span>
     <span class='ocr_line' id='line_1_5' title="bbox 176 431 1790 496; baseline 0.001 -21"><span class='ocrx_word' id='word_1_21' title='bbox 176 435 325 490; x_wconf 82' lang='lat' dir='ltr'>gulam</span> <span class='ocrx_word' id='word_1_22' title='bbox 361 435 540 489; x_wconf 82' lang='lat' dir='ltr'>expansa</span> <span class='ocrx_word' id='word_1_23' title='bbox 577 435 665 474; x_wconf 83' lang='lat' dir='ltr'>fere</span> <span class='ocrx_word' id='word_1_24' title='bbox 701 444 866 489; x_wconf 83' lang='lat' dir='ltr'>operta.</span> <span class='ocrx_word' id='word_1_25' title='bbox 937 431 1042 473; x_wconf 74' lang='lat' dir='ltr'><em>Gula</em></span> <span class='ocrx_word' id='word_1_26' title='bbox 1078 434 1216 489; x_wconf 83' lang='lat' dir='ltr'>plana.</span> <span class='ocrx_word' id='word_1_27' title='bbox 1285 431 1471 488; x_wconf 79' lang='lat' dir='ltr'><em>Thorax,</em></span> <span class='ocrx_word' id='word_1_28' title='bbox 1508 437 1693 496; x_wconf 80' lang='lat' dir='ltr'><em>Dorsum,</em></span> <span class='ocrx_word' id='word_1_29' title='bbox 1727 443 1790 485; x_wconf 77' lang='lat' dir='ltr'>la-</span> 
     </span>
     <span class='ocr_line' id='line_1_6' title="bbox 175 497 1786 563; baseline 0.006 -23"><span class='ocrx_word' id='word_1_30' title='bbox 175 507 282 551; x_wconf 80' lang='lat' dir='ltr'>tera,</span> <span class='ocrx_word' id='word_1_31' title='bbox 319 498 509 541; x_wconf 85' lang='lat' dir='ltr'><em>abdomen</em></span> <span class='ocrx_word' id='word_1_32' title='bbox 545 498 706 539; x_wconf 80' lang='lat' dir='ltr'><strong>teretia.</strong></span> <span class='ocrx_word' id='word_1_33' title='bbox 774 497 897 539; x_wconf 77' lang='lat' dir='ltr'>Lz&#39;nea</span> <span class='ocrx_word' id='word_1_34' title='bbox 930 497 1116 540; x_wconf 83' lang='lat' dir='ltr'><em>lateralis</em></span> <span class='ocrx_word' id='word_1_35' title='bbox 1151 501 1277 551; x_wconf 60' lang='lat' dir='ltr'>reita,</span> <span class='ocrx_word' id='word_1_36' title='bbox 1314 501 1364 541; x_wconf 85' lang='lat' dir='ltr'>ad</span> <span class='ocrx_word' id='word_1_37' title='bbox 1402 511 1529 555; x_wconf 84' lang='lat' dir='ltr'>caput</span> <span class='ocrx_word' id='word_1_38' title='bbox 1564 507 1786 563; x_wconf 83' lang='lat' dir='ltr'>eleuatior‚</span> 
     </span>
     <span class='ocr_line' id='line_1_7' title="bbox 174 563 1790 618; baseline 0.005 -12"><span class='ocrx_word' id='word_1_39' title='bbox 174 574 390 606; x_wconf 83' lang='lat' dir='ltr'>caeterum</span> <span class='ocrx_word' id='word_1_40' title='bbox 426 576 503 618; x_wconf 87' lang='lat' dir='ltr'>per</span> <span class='ocrx_word' id='word_1_41' title='bbox 539 573 680 603; x_wconf 83' lang='lat' dir='ltr'>totum</span> <span class='ocrx_word' id='word_1_42' title='bbox 718 576 874 618; x_wconf 88' lang='lat' dir='ltr'>corpus</span> <span class='ocrx_word' id='word_1_43' title='bbox 913 564 1078 614; x_wconf 71' lang='lat' dir='ltr'>media,</span> <span class='ocrx_word' id='word_1_44' title='bbox 1123 563 1368 607; x_wconf 84' lang='lat' dir='ltr'>laeuiffima.</span> <span class='ocrx_word' id='word_1_45' title='bbox 1436 566 1549 608; x_wconf 82' lang='lat' dir='ltr'><em>Anus</em></span> <span class='ocrx_word' id='word_1_46' title='bbox 1583 570 1656 611; x_wconf 93' lang='lat' dir='ltr'>sub</span> <span class='ocrx_word' id='word_1_47' title='bbox 1693 586 1790 615; x_wconf 84' lang='lat' dir='ltr'>cau-</span> 
     </span>
     <span class='ocr_line' id='line_1_8' title="bbox 174 628 1789 685; baseline 0.004 -14"><span class='ocrx_word' id='word_1_48' title='bbox 174 630 242 681; x_wconf 79' lang='lat' dir='ltr'>da,</span> <span class='ocrx_word' id='word_1_49' title='bbox 278 643 300 671; x_wconf 87' lang='lat' dir='ltr'>a</span> <span class='ocrx_word' id='word_1_50' title='bbox 335 629 470 682; x_wconf 83' lang='lat' dir='ltr'>capite</span> <span class='ocrx_word' id='word_1_51' title='bbox 506 628 825 680; x_wconf 82' lang='lat' dir='ltr'>remotiffimus,</span> <span class='ocrx_word' id='word_1_52' title='bbox 854 628 1133 680; x_wconf 64' lang='lat' dir='ltr'>semimaris,</span> <span class='ocrx_word' id='word_1_53' title='bbox 1169 631 1354 683; x_wconf 73' lang='lat' dir='ltr'>amplus,</span> <span class='ocrx_word' id='word_1_54' title='bbox 1390 633 1576 685; x_wconf 80' lang='lat' dir='ltr'><strong>patulus.</strong></span> <span class='ocrx_word' id='word_1_55' title='bbox 1647 634 1789 678; x_wconf 82' lang='lat' dir='ltr'><em>Gauda</em></span> 
     </span>
     <span class='ocr_line' id='line_1_9' title="bbox 176 692 1793 748; baseline 0.004 -12"><span class='ocrx_word' id='word_1_56' title='bbox 176 693 517 747; x_wconf 85' lang='lat' dir='ltr'>cathetoplatea‚</span> <span class='ocrx_word' id='word_1_57' title='bbox 561 692 801 748; x_wconf 79' lang='lat' dir='ltr'>cuspidata,</span> <span class='ocrx_word' id='word_1_58' title='bbox 837 693 1079 748; x_wconf 76' lang='lat' dir='ltr'>apterygia‚</span> <span class='ocrx_word' id='word_1_59' title='bbox 1116 693 1254 735; x_wconf 89' lang='lat' dir='ltr'>limbo</span> <span class='ocrx_word' id='word_1_60' title='bbox 1292 696 1433 737; x_wconf 80' lang='lat' dir='ltr'>versus</span> <span class='ocrx_word' id='word_1_61' title='bbox 1472 701 1793 743; x_wconf 86' lang='lat' dir='ltr'>extremitatem</span> 
     </span>
     <span class='ocr_line' id='line_1_10' title="bbox 173 757 1792 813; baseline 0.006 -14"><span class='ocrx_word' id='word_1_62' title='bbox 173 758 399 799; x_wconf 83' lang='lat' dir='ltr'>exiliffimo</span> <span class='ocrx_word' id='word_1_63' title='bbox 454 759 574 799; x_wconf 85' lang='lat' dir='ltr'>alata.</span> <span class='ocrx_word' id='word_1_64' title='bbox 671 757 797 800; x_wconf 85' lang='lat' dir='ltr'><em>Pinna</em></span> <span class='ocrx_word' id='word_1_65' title='bbox 841 757 1012 813; x_wconf 79' lang='lat' dir='ltr'><em>dorsalis</em></span> <span class='ocrx_word' id='word_1_66' title='bbox 1057 760 1382 802; x_wconf 77' lang='lat' dir='ltr'>membranacea</span> <span class='ocrx_word' id='word_1_67' title='bbox 1427 761 1500 804; x_wconf 87' lang='lat' dir='ltr'>sub</span> <span class='ocrx_word' id='word_1_68' title='bbox 1547 774 1792 809; x_wconf 85' lang='lat' dir='ltr'>extremum</span> 
     </span>
     <span class='ocr_line' id='line_1_11' title="bbox 173 823 1793 881; baseline 0.006 -17"><span class='ocrx_word' id='word_1_69' title='bbox 173 823 283 864; x_wconf 86' lang='lat' dir='ltr'>dorfi</span> <span class='ocrx_word' id='word_1_70' title='bbox 323 824 528 865; x_wconf 87' lang='lat' dir='ltr'>inchoans</span> <span class='ocrx_word' id='word_1_71' title='bbox 566 823 616 864; x_wconf 86' lang='lat' dir='ltr'>ad</span> <span class='ocrx_word' id='word_1_72' title='bbox 637 823 803 877; x_wconf 82' lang='lat' dir='ltr'>apicem</span> <span class='ocrx_word' id='word_1_73' title='bbox 825 825 983 865; x_wconf 81' lang='lat' dir='ltr'>caudae</span> <span class='ocrx_word' id='word_1_74' title='bbox 1007 823 1054 864; x_wconf 89' lang='lat' dir='ltr'>fit</span> <span class='ocrx_word' id='word_1_75' title='bbox 1074 826 1334 878; x_wconf 73' lang='lat' dir='ltr'>euidentior,</span> <span class='ocrx_word' id='word_1_76' title='bbox 1359 827 1399 866; x_wconf 89' lang='lat' dir='ltr'>in</span> <span class='ocrx_word' id='word_1_77' title='bbox 1422 829 1542 881; x_wconf 82' lang='lat' dir='ltr'>apice</span> <span class='ocrx_word' id='word_1_78' title='bbox 1564 844 1669 872; x_wconf 87' lang='lat' dir='ltr'>vero</span> <span class='ocrx_word' id='word_1_79' title='bbox 1694 845 1793 875; x_wconf 88' lang='lat' dir='ltr'>cum</span> 
     </span>
     <span class='ocr_line' id='line_1_12' title="bbox 169 887 1788 952; baseline 0.007 -24"><span class='ocrx_word' id='word_1_80' title='bbox 169 887 413 929; x_wconf 79' lang='lat' dir='ltr'>subcaudali</span> <span class='ocrx_word' id='word_1_81' title='bbox 459 889 722 929; x_wconf 85' lang='lat' dir='ltr'>confluendo</span> <span class='ocrx_word' id='word_1_82' title='bbox 759 889 849 930; x_wconf 88' lang='lat' dir='ltr'>fere</span> <span class='ocrx_word' id='word_1_83' title='bbox 885 888 1113 931; x_wconf 84' lang='lat' dir='ltr'>euanescit.</span> <span class='ocrx_word' id='word_1_84' title='bbox 1202 889 1328 931; x_wconf 81' lang='lat' dir='ltr'><em>Pinna</em></span> <span class='ocrx_word' id='word_1_85' title='bbox 1353 889 1619 946; x_wconf 77' lang='lat' dir='ltr'><em>subcaudalls</em></span> <span class='ocrx_word' id='word_1_86' title='bbox 1655 896 1788 952; x_wconf 83' lang='lat' dir='ltr'>longe</span> 
     </span>
     <span class='ocr_line' id='line_1_13' title="bbox 167 953 1790 1009; baseline 0.005 -14"><span class='ocrx_word' id='word_1_87' title='bbox 167 953 219 995; x_wconf 86' lang='lat' dir='ltr'>ab</span> <span class='ocrx_word' id='word_1_88' title='bbox 257 966 337 994; x_wconf 84' lang='lat' dir='ltr'>ano</span> <span class='ocrx_word' id='word_1_89' title='bbox 373 953 524 1007; x_wconf 78' lang='lat' dir='ltr'>incipit</span> <span class='ocrx_word' id='word_1_90' title='bbox 558 953 714 1009; x_wconf 83' lang='lat' dir='ltr'>pariter</span> <span class='ocrx_word' id='word_1_91' title='bbox 751 965 954 1007; x_wconf 69' lang='lat' dir='ltr'>cumnea,</span> <span class='ocrx_word' id='word_1_92' title='bbox 993 955 1128 1007; x_wconf 81' lang='lat' dir='ltr'>magis</span> <span class='ocrx_word' id='word_1_93' title='bbox 1165 956 1339 996; x_wconf 82' lang='lat' dir='ltr'>vifibilis</span> <span class='ocrx_word' id='word_1_94' title='bbox 1377 959 1521 999; x_wconf 82' lang='lat' dir='ltr'>euadit</span> <span class='ocrx_word' id='word_1_95' title='bbox 1555 961 1606 1001; x_wconf 83' lang='lat' dir='ltr'>ad</span> <span class='ocrx_word' id='word_1_96' title='bbox 1644 972 1790 1003; x_wconf 81' lang='lat' dir='ltr'>extre-</span> 
     </span>
     <span class='ocr_line' id='line_1_14' title="bbox 168 1018 1785 1076; baseline 0.006 -18"><span class='ocrx_word' id='word_1_97' title='bbox 168 1018 361 1058; x_wconf 68' lang='lat' dir='ltr'>mizarem</span> <span class='ocrx_word' id='word_1_98' title='bbox 399 1019 581 1071; x_wconf 86' lang='lat' dir='ltr'>caudae,</span> <span class='ocrx_word' id='word_1_99' title='bbox 616 1019 747 1073; x_wconf 86' lang='lat' dir='ltr'>longe</span> <span class='ocrx_word' id='word_1_100' title='bbox 784 1029 927 1061; x_wconf 78' lang='lat' dir='ltr'>tamen</span> <span class='ocrx_word' id='word_1_101' title='bbox 965 1019 1109 1060; x_wconf 83' lang='lat' dir='ltr'>minor</span> <span class='ocrx_word' id='word_1_102' title='bbox 1144 1022 1387 1074; x_wconf 79' lang='lat' dir='ltr'>altitudine,</span> <span class='ocrx_word' id='word_1_103' title='bbox 1426 1036 1555 1076; x_wconf 80' lang='lat' dir='ltr'>quam</span> <span class='ocrx_word' id='word_1_104' title='bbox 1594 1026 1785 1070; x_wconf 82' lang='lat' dir='ltr'>dorsalis.</span> 
     </span>
     <span class='ocr_line' id='line_1_15' title="bbox 167 1082 1584 1143; baseline 0.005 -18"><span class='ocrx_word' id='word_1_105' title='bbox 167 1082 317 1126; x_wconf 87' lang='lat' dir='ltr'>Ambo</span> <span class='ocrx_word' id='word_1_106' title='bbox 354 1083 582 1140; x_wconf 84' lang='lat' dir='ltr'>specimina</span> <span class='ocrx_word' id='word_1_107' title='bbox 614 1084 803 1141; x_wconf 79' lang='lat' dir='ltr'>prostant</span> <span class='ocrx_word' id='word_1_108' title='bbox 837 1085 883 1126; x_wconf 88' lang='lat' dir='ltr'>in</span> <span class='ocrx_word' id='word_1_109' title='bbox 921 1086 1180 1127; x_wconf 59' lang='lat' dir='ltr'>colieciione</span> <span class='ocrx_word' id='word_1_110' title='bbox 1217 1085 1584 1143; x_wconf 81' lang='lat' dir='ltr'>Dhalberghiana.</span> 
     </span>
    </p>
   </div>
  </div>
 </body>
</html>
