2007 2702
705 216 857 232 ·--
890 198 1047 256 (249)
1081 218 1235 232 --

161 313 430 365 catharffici,
467 312 684 369 digestiui,
718 327 961 371 panaceae,
999 314 1094 358 salis
1131 315 1311 369 secreti,
1367 328 1446 361 cet.
1483 328 1771 382 expungenda

154 386 278 427 sunt:
315 381 476 424 etenim
513 380 626 423 Soda
664 380 905 433 tartaris-ata,
941 380 1160 435 Magnesia
1195 381 1426 436 vitriolata,
1461 389 1550 431 aliis
1591 407 1767 448 quoque

155 449 299 500 lociS‚
354 459 480 500 quam
516 445 724 499 Rupellae
760 455 804 487 et
837 447 879 486 in
917 446 1076 501 Anglia
1111 458 1339 502 parantur:
1391 449 1464 503 (ab
1502 454 1582 496 illis
1620 459 1765 514 itaque

156 515 284 557 etiam
307 509 666 563 denominanday?
701 509 870 553 Dantur
904 512 1040 566 pluria
1061 526 1236 568 quoque
1271 513 1385 566 salia,
1425 529 1532 570 quae
1569 521 1767 566 effectum

155 580 409 631 sedatiuum,
445 575 765 630 catharsticum,
801 577 1056 632 digestiuum
1092 580 1257 629 edunt;
1295 590 1338 621 et
1372 580 1426 623 fic
1462 596 1612 637 porro.

349 674 397 729 5)
433 673 703 717 Postremum
747 686 825 715 nec
862 674 934 716 illa
969 674 1140 730 linguae
1193 675 1480 721 commutatio
1534 680 1769 736 spernenda

148 742 338 796 videtur,
372 753 430 782 ex
468 753 549 794 qua
586 738 807 780 breuiores
845 739 1016 782 dicendi
1053 742 1265 803 formulae
1303 745 1585 799 amplioribus
1621 759 1664 789 et
1684 749 1768 791 dif-

151 808 248 850 fufis
294 819 438 849 rerum
476 806 638 846 circum
675 804 977 859 scriptionibus
1013 807 1329 861 praeferuntur,
1368 811 1626 867 terminique
1656 815 1767 856 dod-

147 873 304 916 rinales
342 873 394 924 ad
430 870 651 925 vulgarem
675 901 688 924 ,
727 883 854 925 quam
891 870 1116 927 praecepta
1155 873 1464 917 Grammatices
1503 878 1765 933 requirunt,

146 936 384 980 verborum
420 935 654 977 flexionem
691 936 1033 978 conformantur.
1104 937 1335 980 Breuiores
1389 942 1503 982 enim
1549 942 1764 986 formulae

146 1002 313 1044 facilius
352 1001 560 1043 memoria
596 1001 731 1042 teneri
766 1002 969 1056 possunt,
1022 1012 1064 1043 et
1100 1002 1203 1045 fasta
1248 1004 1326 1046 hac
1365 1006 1618 1049 breuiorum
1663 1022 1766 1051 cum

146 1066 373 1109 fusioribus
411 1067 787 1120 commutatione,
842 1080 929 1108 non
969 1067 1107 1109 solum
1144 1069 1186 1109 in
1222 1070 1447 1123 loquendo
1470 1102 1483 1126 ,
1528 1073 1595 1114 sed
1633 1075 1765 1117 etiam

142 1132 185 1174 in
223 1134 410 1187 legendo
453 1132 803 1186 scribendoque,
858 1133 1068 1187 temporis
1122 1134 1359 1177 faceremus
1413 1139 1758 1194 compendium,

140 1198 339 1253 profedio
376 1197 486 1238 haud
525 1197 644 1251 parui
682 1197 1002 1239 aestimandum.
1056 1198 1174 1240 Bene
1213 1200 1342 1253 igitur
1379 1203 1608 1257 nostrates,
1643 1218 1758 1258 pro:

139 1261 278 1306 Alc-ali
312 1263 407 1301 ae're
429 1262 523 1311 fixo
560 1261 802 1314 saturatum,
839 1263 1064 1316 Argentum
1099 1265 1138 1304 in
1174 1265 1288 1305 acido
1309 1267 1408 1308 nitri
1415 1267 1611 1323 solutum,
1643 1282 1759 1312 nunc

135 1324 275 1369 Alcali
310 1325 514 1378 adratum,
546 1333 758 1380 argentum
793 1328 1004 1381 niu-atum,
1041 1326 1308 1370 substituunt.

325 1423 406 1464 His
443 1423 527 1464 iam
561 1424 618 1464 ita
655 1424 891 1466 constitutis
915 1454 930 1478 1,
983 1436 1233 1480 argumenta
1269 1427 1374 1481 ista,
1430 1441 1536 1482 quae
1583 1430 1755 1486 linguae

134 1486 418 1530 mutationem
456 1489 498 1528 in
536 1489 780 1530 vniuersum
818 1492 1124 1532 commendare
1163 1492 1378 1544 videntur,
1416 1495 1466 1534 ad
1505 1495 1756 1539 technicum

136 1553 179 1594 in
216 1553 382 1596 chemia
419 1554 629 1607 loquendi
666 1567 860 1607 morem,
900 1569 987 1610 quo
1024 1555 1156 1597 hodie
1192 1557 1376 1611 vtimur‚
1412 1559 1752 1611 transferam1153

137 1629 243 1673 quae
278 1619 376 1661 inde
414 1621 649 1675 sequuntur
685 1620 934 1676 diligentius
972 1621 1159 1676 denique
1184 1624 1479 1676 ponderaturi.
1518 1625 1609 1667 lam
1645 1640 1752 1670 vero

325 1747 361 1787 Ι.
397 1748 589 1792 Primum
625 1750 823 1805 illudque
859 1751 1060 1807 princeps
1097 1762 1418 1808 argumentum,
1458 1767 1544 1808 quo
1582 1757 1630 1798 ad
1669 1756 1751 1799 lin-

136 1823 242 1866 guae
279 1809 622 1857 immutationem
659 1817 842 1858 omnino
880 1819 1270 1860 commendandam
1306 1820 1565 1874 vtebamur‚
1617 1822 1747 1877 idque

135 1890 156 1918 a
191 1889 334 1918 rerum
390 1891 534 1920 recens
587 1883 859 1924 inuentarum
911 1885 1036 1925 nouis
1090 1884 1340 1926 nominibus
1394 1885 1748 1940 defignan'darum

133 1950 312 1996 Vrgente
350 1945 583 1986 neceffitate
619 1949 868 2001 repetitum,
904 1949 974 1990 hic
994 1949 1069 1990 vix
1090 1950 1351 1991 audiendum
1386 1951 1571 1992 videtur.
1609 1953 1744 2007 Nam,

137 2019 242 2060 quae
278 2008 377 2047 inde
414 2021 434 2048 a
468 2006 640 2052 Scheeliz·
676 2023 802 2068 atque
838 2012 1087 2068 Bergmanni
1122 2016 1391 2071 temporibus
1436 2016 1477 2056 in
1516 2029 1602 2059 arte
1640 2020 1744 2060 che-

134 2072 241 2113 mica
280 2071 404 2126 plane
443 2086 554 2114 noua
588 2087 754 2130 reperta
791 2079 915 2129 sunt3
953 2080 1131 2122 minime
1167 2082 1224 2123 ita
1261 2091 1505 2137 comparata
1542 2084 1742 2126 videntur

131 2147 178 2178 vt
213 2150 365 2178 eorum
403 2138 536 2179 cauffa
571 2141 709 2183 omnis
748 2144 1046 2187 chemicorum
1081 2146 1293 2201 loquendi
1328 2147 1422 2187 vsus
1448 2148 1740 2191 immutandus

130 2202 194 2243 fit.
231 2201 538 2256 Experimenta
577 2206 750 2258 quidem
787 2210 866 2251 cel.
905 2209 1132 2252 Cauendish
1167 2211 1395 2266 saepiffime
1418 2214 1615 2266 repetita,
1647 2216 1742 2268 qui-

130 2266 208 2308 bus
232 2297 245 2320 a
282 2280 337 2308 ex
373 2268 666 2311 combustione
702 2274 806 2315 ae'ris
843 2276 981 2317 vitalis
1018 2285 1061 2317 et
1095 2276 1437 2329 inflammamus,
1474 2291 1624 2332 aquam
1663 2280 1740 2322 ali-

133 2345 259 2389 quam
296 2335 469 2387 prodire
490 2363 503 2385 ,
563 2336 872 2380 demonstrabat
890 2370 904 2392 ,
945 2355 1050 2396 quae
1085 2355 1234 2384 recens
1273 2353 1368 2386 nata
1404 2343 1442 2385 ei
1478 2345 1702 2386 videbatur
1721 2372 1736 2395 ‚

196 2398 318 2442 Noua
336 2399 441 2442 AcJa
458 2398 590 2455 Acad.
610 2399 714 2459 Imp.
731 2400 802 2446 Sc.
820 2401 869 2446 T.
890 2403 991 2465 V113
1251 2406 1273 2449 I
1292 2407 1307 2449 i
1642 2407 1736 2464 post
