2007 2702
775 190 923 221 4.-
959 183 1113 241 (162)
1149 201 1300 228 ===

545 309 1197 366 OBSERVATIONES
1246 307 1533 361 VARIAE

650 413 835 457 CfflcA
872 411 1418 457 INTEGRATIONEM

235 505 969 579 AEQVATIONVM
1000 504 1836 585 HOMOGENEARVM

849 624 879 659 R
889 623 982 658 ATI
993 624 1023 657 O
1035 624 1134 658 NAL
1144 626 1157 657 1
1168 625 1244 659 VM

491 708 629 754 SINE
676 706 1098 752 VARIABILIVM
1144 709 1580 754 SEPARATIONE

795 803 1276 848 PERFICIENDAM.

937 933 1130 977 Au<st0re

713 1028 1081 1073 NICOLAO
1145 1030 1353 1073 FVSS.

582 1219 769 1260 Conuent.
811 1219 946 1260 exhib.
989 1221 1051 1260 die
1092 1234 1143 1258 11
1185 1220 1305 1261 Febr.
1348 1235 1482 1272 1790.

977 1434 1012 1487 ς.
1056 1447 1095 1474 1.

230 1491 543 1590 Pernoluenti
587 1560 722 1603 nuper
768 1546 964 1589 Tomum
1011 1549 1199 1603 primum
1244 1559 1437 1591 veterum
1475 1549 1635 1591 nostrae
1672 1549 1839 1590 Acade-

231 1615 342 1654 miae
381 1613 807 1655 Commentariorum
843 1627 922 1667 pro
959 1613 1091 1655 Anno
1134 1618 1288 1667 1726,
1325 1617 1365 1655 in
1403 1615 1554 1655 oculos
1592 1615 1696 1654 mihi
1734 1612 1841 1652 inci-

236 1679 365 1719 debat
398 1678 642 1720 Dissertatio
682 1678 953 1718 celeberrimi
991 1679 1192 1719 Iohannis
1229 1679 1481 1728 Bernoulli„
1520 1679 1736 1732 inscripta:
1776 1677 1837 1716 De

234 1742 566 1796 integrationl'bus
608 1745 879 1796 acqtmtl'ommz
922 1742 1274 1797 [ι’ζῑξῖενίνιίι’[ιΙίῖινη7
1328 1743 1399 1782 vbi
1442 1744 1618 1783 traditur
1662 1741 1834 1782 methodi

233 1807 401 1848 alicuius
433 1806 633 1862 specimen
676 1808 904 1861 integrandi
932 1808 1021 1860 stne
1062 1809 1231 1860 praeuia
1264 1806 1512 1860 separatione
1547 1807 1837 1847 Indctermina-

233 1881 381 1912 tarum.
451 1871 664 1926 Suspicata
700 1873 899 1913 affinitate
937 1871 1174 1925 argumenti
1211 1885 1306 1911 cum
1347 1873 1531 1924 quodam
1555 1872 1656 1922 alio⁷
1679 1872 1720 1910 in
1750 1884 1837 1924 quo

233 1945 326 1975 tum
362 1937 567 1991 temporis
605 1949 837 1990 occupatus
875 1949 1022 1988 eram,
1074 1947 1296 1990 permotus
1344 1937 1450 1976 hanc
1489 1937 1836 1982 Dissertationem

233 2000 384 2054 auide,
420 2014 497 2043 nec
533 2001 617 2042 fine
655 2001 812 2054 frndhi,
847 2001 948 2041 licet
983 2000 1067 2055 spei
1103 2000 1262 2054 irritus,
1300 2001 1477 2055 perlegi.

428 2127 463 2182 ᾖ.
505 2142 544 2170 2.
612 2129 851 2171 Methodus
888 2129 1034 2180 enim,
1071 2129 1121 2169 de
1159 2144 1238 2184 qua
1273 2131 1315 2170 in
1353 2130 1430 2171 hac
1467 2128 1832 2171 commentatione

235 2191 374 2233 sermo
410 2194 499 2245 est,
537 2204 699 2235 tantum
737 2194 888 2247 speetat
923 2194 972 2234 ad
1010 2196 1283 2248 aequationes
1322 2196 1616 2250 homogeneas
1651 2193 1835 2236 rationa-

238 2256 320 2313 les,
357 2258 647 2313 cuiuscunque
686 2259 870 2314 ordinis,
904 2258 1059 2300 veluti:

1796 2351 1831 2394 I.
