2007 2702
731 206 1070 263 —<250)
1104 223 1275 237 ··-··

190 324 282 381 post
319 331 512 378 tempora
547 322 617 365 illa
651 323 942 365 innotuerunt.
978 322 1067 364 Alii
1090 352 1102 375 ‚
1149 326 1288 364 ae‘rem
1323 320 1496 363 vitalem
1533 318 1792 377 principium

191 400 318 442 atque
355 391 531 430 caussam
567 389 706 429 omnis
744 390 851 429 acidi
888 389 1000 440 effe,
1046 388 1222 442 eiusque
1268 388 1544 429 acceffionem
1581 386 1791 441 sulphuris

193 465 319 508 atque
356 453 591 509 phosphori
630 453 867 495 substantias
904 453 1150 507 fimplices,
1203 453 1389 506 ideoque
1443 462 1660 494 caeterum
1708 465 1795 493 non

193 529 392 570 mutatas,
428 518 566 559 acidas
602 518 797 570 reddere,
834 519 1032 559 euincere
1069 517 1162 573 sunt
1197 518 1370 566 conati3
1410 517 1692 570 quamobrem
1729 519 1798 558 a'e‘-

196 596 287 625 rem
327 584 493 623 vitalem
531 582 750 631 acidificmn
786 583 1113 635 (oxygenium)
1158 581 1510 622 inflammabilem
1546 595 1651 623 vcro
1687 582 1799 634 aqui·

184 648 310 700 ficum
347 646 725 699 (hydrogcnium)
762 646 1013 698 compellari
1048 645 1294 684 voluerunt.
1365 646 1449 686 Sed
1486 647 1585 697 fac⁷
1628 645 1801 700 experi-

200 721 342 752 menta
378 710 446 750 ista
482 722 616 762 acque
655 719 766 749 certa
803 708 915 760 effe,
952 722 997 749 ac
1035 709 1172 749 adhuc
1209 708 1302 749 sunt
1337 709 1489 762 dubia,
1525 710 1619 750 istae
1656 720 1800 751 tamen

200 776 304 816 a'e'ris
343 774 500 827 species
538 774 711 814 nomina
748 773 848 823 sua,
888 785 908 813 a
945 773 1254 827 phaenomeuis
1291 773 1333 812 iu
1371 773 1506 814 sensus
1544 774 1800 816 incurrenti-

200 840 313 889 bus,
370 851 475 892 quac
521 838 645 878 etiam
692 837 782 892 post
826 838 997 879 inuenta
1040 838 1112 878 illa
1148 839 1443 891 experimenta
1478 837 1616 878 adhuc
1653 840 1804 880 eadem

198 903 309 953 sunt,
346 902 527 944 retinere
564 902 825 955 effeetusque
862 902 941 954 illi,
979 903 1051 955 qui
1087 903 1136 944 iis
1175 902 1434 954 tribuuntur⁷
1471 903 1581 942 inter
1614 902 1803 955 ‘reliquas

200 979 345 1008 earum
382 966 626 1008 affeffiones
665 967 811 1007 referri
849 968 1105 1020 potuiss'ent3
1158 967 1405 1020 praesertim
1450 979 1547 1006 cum
1594 966 1765 1006 effeetus
1791 993 1807 1018 .‚

202 1032 468 1085 experientia
505 1032 616 1072 haud
656 1032 746 1072 satis
787 1042 901 1072 certe
940 1031 1253 1084 confirmatos,
1304 1031 1470 1072 nomini
1516 1030 1587 1085 ipfi
1627 1030 1805 1071 alicuius

202 1097 263 1137 rei
303 1096 544 1137 inserendas
583 1097 660 1135 effe
697 1096 771 1137 vix
807 1097 1095 1145 crediderim;
1134 1097 1185 1137 de
1224 1110 1303 1149 qua
1342 1109 1385 1136 re
1422 1094 1530 1135 infra
1565 1095 1703 1135 adhuc
1742 1094 1807 1134 di-

203 1161 328 1201 cendi
367 1161 485 1200 locus
524 1161 616 1201 erit.
691 1158 850 1201 Omiss'a
896 1161 1025 1214 igitur
1068 1161 1223 1202 horum
1268 1160 1666 1214 experimentorum
1704 1159 1811 1199 vbe-

204 1225 307 1264 riori
345 1225 669 1277 disquisitione,
726 1238 873 1278 quam,
899 1226 967 1266 alii
1015 1226 1224 1266 occafioni
1262 1225 1594 1267 couseruaudam
1632 1223 1808 1276 censui,

205 1288 293 1329 hoc
330 1301 454 1330 vnam
495 1290 795 1328 tautummodo
833 1289 1093 1328 contendere
1130 1289 1289 1328 ausim:
1328 1301 1437 1339 tum,
1475 1302 1571 1327 cum
1604 1290 1707 1329 haec
1739 1287 1808 1326 vel

210 1352 289 1393 alia
327 1352 627 1393 reicuiusdam
665 1353 962 1405 phaenomena
999 1364 1128 1402 noua,
1163 1360 1279 1391 extra
1317 1362 1490 1390 omnem
1530 1351 1808 1391 dubitationis

209 1416 344 1457 aleam
382 1416 512 1468 posita
550 1416 706 1455 fuerint
729 1446 741 1467 ‚
795 1416 978 1456 nominis
1016 1416 1118 1455 noui
1143 1445 1155 1465 ,
1201 1415 1348 1468 reique
1385 1424 1555 1454 naturae
1592 1413 1809 1467 congrui,

211 1479 515 1520 formationem
555 1480 735 1519 omnino
774 1479 921 1519 vtilem
960 1482 1038 1519 effe
1075 1480 1219 1532 poss‘e:
1269 1492 1373 1531 quae
1417 1487 1557 1518 tamen
1594 1491 1679 1518 non
1717 1489 1812 1517 om-

209 1545 276 1586 nis
316 1544 521 1598 loquendi
560 1544 719 1594 moris,
758 1544 980 1597 hucusque
1017 1544 1273 1597 quotidiano
1311 1542 1380 1582 vsu
1416 1541 1586 1593 sanciti,
1623 1541 1809 1582 euerfio-

211 1622 312 1650 nem
349 1618 474 1661 atque
510 1608 858 1650 immutationem
895 1608 1089 1662 requirit.
1158 1608 1247 1648 Iam
1283 1618 1508 1661 pergamus
1545 1606 1596 1646 ad

406 1703 462 1745 ΙΙ.
498 1704 817 1758 Argumentum
856 1703 1104 1755 secundum,
1141 1716 1193 1744 ex
1217 1715 1302 1756 quo
1338 1700 1509 1756 antiqua
1553 1714 1694 1743 rerum
1732 1714 1811 1742 vo-

215 1769 363 1811 cabula
400 1781 496 1809 cum
533 1782 678 1810 recens
716 1770 898 1809 inuentis
936 1768 1215 1822 permutanda
1250 1766 1533 1817 videbantur,
1589 1766 1710 1806 fimul
1763 1779 1811 1806 ac

215 1834 398 1888 antiquis
437 1833 614 1874 meliora
651 1834 887 1887 excogitari
923 1833 1173 1887 potuerint,
1225 1829 1275 1870 ad
1320 1829 1667 1884 terminologiam
1712 1830 1815 1870 che-

216 1900 389 1949 micam‚
427 1911 551 1951 quam
590 1898 897 1939 immutandam
934 1897 1126 1947 credunt,
1162 1894 1319 1949 absque
1359 1895 1477 1936 omni
1511 1895 1695 1949 partium
1733 1894 1814 1934 stu-

219 1962 291 2002 dio
328 1962 751 2003 adcommodandum

415 2058 461 2110 1)
500 2056 632 2112 Quod
669 2058 709 2099 in
747 2057 1003 2112 explicando
1040 2055 1165 2096 huius
1202 2057 1441 2110 argumenti
1479 2056 1639 2097 ambitu
1663 2086 1676 2108 7
1727 2055 1814 2110 pri-

218 2134 293 2163 mo
329 2120 431 2161 loco
468 2122 767 2174 ponebamus,
818 2134 946 2162 voces
992 2133 1124 2161 nouas
1169 2120 1209 2161 in
1248 2122 1394 2162 locum
1430 2121 1696 2175 pristinarum
1732 2120 1811 2160 effe

218 2185 539 2237 substituendus,
576 2186 602 2226 fi
641 2187 752 2227 forte
789 2186 978 2240 pristinae
1016 2197 1100 2224 non
1139 2185 1229 2225 satis
1266 2185 1394 2226 fixam
1431 2186 1657 2226 habuerint
1692 2184 1817 2237 figni-

218 2249 482 2299 ficatiouem‚
518 2250 560 2289 in
597 2250 894 2290 chemicorum
933 2249 1234 2303 terminologia
1269 2250 1493 2299 hodierna¹>
1530 2250 1555 2289 fi
1588 2248 1690 2302 quid
1726 2247 1816 2287 seu-

219 2314 299 2368 tio‚
335 2313 408 2355 vix
442 2312 588 2352 locum
625 2314 780 2355 habere
816 2314 994 2355 videtur.
1052 2313 1197 2355 Voces
1234 2315 1349 2355 enim
1386 2314 1623 2366 technicae,
1663 2311 1815 2365 quibus

1717 2375 1817 2416 che·
