2007 2702
700 192 858 232 ἶιι---τ
890 171 1050 230 (293)
1085 190 1237 218 -—.—-

882 282 986 333 Fi.
1052 317 1061 327 .

354 367 665 424 Epidermidis‚
702 364 810 408 cutis
846 375 888 407 et
923 296 1170 408 tffbstintiae
1207 362 1484 409 subcutaneae
1513 368 1638 413 sed'tio
1657 370 1768 413 fimi·

160 438 239 491 lis,
273 434 395 476 simili
431 436 565 477 modo
603 432 839 474 obseruata.

237 543 276 585 b.
313 557 346 585 c.
381 543 422 583 d.
490 539 756 594 Epidermis‚
793 539 934 581 media
967 548 1087 595 parte
1124 552 1146 581 a
1182 548 1279 581 cute
1316 538 1516 595 separata.

238 623 277 650 a.
347 607 487 650 Seciio
524 605 821 659 epidermidis.

265 673 466 714 Refiexae
503 671 545 710 in
581 680 700 724 parte
745 670 824 711 hac
861 668 1138 725 epiderrnidis
1175 669 1418 726 superficies
1456 670 1662 726 superior,
1704 671 1774 714 seu

352 737 558 777 exterior.

158 815 191 843 c.
261 800 367 842 Eius
405 800 648 856 superficies
684 799 879 841 interior.

146 867 195 908 ·d.
265 866 436 909 Similes
493 866 578 906 sere
625 879 671 906 ac
716 866 759 905 in
807 874 902 905 cute
950 863 1135 907 lineolae
1179 861 1435 920 globulique
1473 863 1778 920 obscuriorem

353 931 505 985 quibus
543 930 716 982 aliqua,
754 929 948 984 quamuis
986 930 1223 980 remotior,
1261 929 1492 972 substantiis
1531 933 1594 973 his
1632 932 1777 973 diuer-

347 995 422 1036 fis:
476 995 760 1048 epidermidi‚
799 994 911 1044 cuti,
947 994 1193 1036 substantiae
1232 994 1529 1051 subcutaneae,
1566 1006 1608 1039 et
1643 997 1775 1053 adipi,

348 1059 542 1113 analogia
579 1068 650 1100 aut
684 1059 920 1100 similitudo
955 1060 1223 1101 intercedere
1260 1061 1444 1102 videtur.

153 1139 185 1169 ε.
225 1138 257 1167 e.
328 1124 470 1166 sectio
507 1125 632 1164 cutis.

142 1190 181 1248 f.
252 1188 449 1240 Globuli,
486 1198 558 1230 aut
595 1189 739 1244 potius
775 1188 984 1232 vesiculae
1022 1189 1118 1232 illae
1156 1189 1393 1246 obsoletae,
1429 1205 1507 1248 per
1543 1191 1652 1234 cutis
1673 1193 1772 1235 sub.‘

344 1254 533 1295 stantiam
572 1253 794 1308 dispersae,
830 1268 928 1295 cum
965 1255 1137 1296 lineolis
1175 1255 1380 1296 obscuris.

147 1331 191 1373 g.
226 1331 268 1373 g.
339 1318 590 1359 Eminentes
628 1331 683 1359 ex
719 1318 940 1372 superficie
976 1319 1186 1374 superiori
1226 1320 1394 1374 globuli
1417 1352 1429 1373 ,
1484 1331 1556 1363 aut
1591 1321 1768 1376 granula

345 1396 452 1437 quae
487 1383 721 1436 videntur,
775 1383 883 1424 cutis
907 1413 920 1436 ,
972 1398 1078 1439 quae
1116 1386 1157 1425 in
1194 1384 1377 1427 sectione
1415 1387 1540 1429 huius
1578 1400 1600 1428 e
1635 1387 1767 1430 latere

342 1448 426 1489 visa
463 1458 581 1489 tanto
619 1449 854 1490 accuratius
892 1448 1105 1491 obseruari
1143 1450 1325 1503 poffunt.

147 1512 186 1553 h.
223 1511 262 1553 h.
334 1513 521 1555 Stratum
560 1513 805 1555 substantiae
842 1513 1123 1555 subcutaneae
1159 1515 1363 1556 exterius.

148 1580 174 1618 i.
207 1580 237 1618 i.
306 1577 493 1621 Stratum
532 1579 726 1619 eiusdem
762 1579 957 1629 interius,
977 1579 1020 1619 in
1059 1592 1244 1632 quorum
1282 1590 1467 1634 Vtroque
1495 1581 1662 1635 globuli
1689 1582 1770 1624 ob-

341 1644 490 1695 soleti,
527 1654 598 1685 aut
633 1643 865 1696 vesiculae,
903 1644 1173 1700 lineolaeque
1212 1644 1432 1700 obscurae,
1470 1647 1530 1688 vti
1566 1648 1608 1688 in
1645 1661 1768 1702 prae-

338 1709 505 1749 cedenti
541 1709 694 1762 figura,
730 1719 947 1764 apparent.

150 1769 186 1810 k.
255 1769 344 1812 Fila
378 1784 433 1813 ex
467 1774 590 1815 strato
625 1775 833 1816 exteriori
870 1776 1085 1829 extrafta‚
1138 1776 1181 1818 in
1229 1777 1381 1832 quibus
1419 1776 1562 1832 paffim
1598 1777 1762 1820 vesicu-

345 1834 426 1888 lae,
460 1850 540 1880 vna
575 1852 671 1881 cum
708 1841 873 1895 reliqua
908 1841 1128 1884 substantia
1165 1844 1391 1896 extractae,
1428 1853 1645 1897 apparent.

148 1910 176 1951 l.
243 1910 358 1962 Fila,
395 1911 437 1950 in
476 1926 579 1966 quae
615 1915 832 1957 interioris
872 1916 980 1959 strati
1019 1918 1238 1960 substantia
1275 1919 1383 1960 trahi
1419 1919 1580 1973 potest,
1618 1919 1759 1961 mole-

343 1976 518 2029 culosa7
572 1981 882 2034 copiosioribus
928 1984 1118 2037 globulis
1163 1995 1233 2026 aut
1276 1984 1469 2025 vesiculis
1513 1984 1556 2025 in
1602 1985 1758 2027 iisdem

345 2041 664 2097 constantibus,
724 2046 959 2100 inaequalia
1023 2050 1227 2091 crassiora.
1331 2048 1534 2092 Exterius
1588 2051 1759 2093 stratum

344 2106 507 2147 densius
559 2107 810 2164 firmiusque
856 2113 912 2154 est
954 2122 997 2155 et
1041 2113 1252 2156 difficilius
1289 2115 1331 2155 in
1368 2116 1438 2156 fila
1474 2117 1757 2169 extenditur,

344 2184 449 2224 qnae
489 2174 645 2227 quippe
682 2173 805 2217 facile
841 2190 1128 2234 rumpunturx
1168 2180 1352 2221 Interius
1384 2180 1556 2232 longius
1581 2181 1757 2222 extendi

340 2236 504 2290 potest,
540 2246 580 2277 at
615 2237 683 2280 fila
718 2240 971 2295 inaequalia,
1012 2245 1123 2299 quasi
1160 2246 1395 2299 glomerata
1431 2257 1650 2300 apparent,
1686 2260 1762 2288 ves-

339 2301 478 2344 ficulis
520 2302 665 2357 passim
697 2305 890 2362 pluribus
929 2310 1274 2367 cohaerentibus.
1343 2310 1486 2353 Etiam
1522 2312 1758 2354 flauescens

933 2373 973 2416 O
1003 2389 1030 2417 o
1068 2388 1091 2426 3
1282 2376 1285 2379 “
1651 2377 1761 2416 inte-

160 558 200 587 α.

159 624 200 651 α.

159 674 197 715 b.
