2007 2702
709 230 863 245 --
897 214 1051 271 (289)
1084 229 1238 254 =

165 332 413 379 substantiae
450 332 493 374 in
530 331 596 374 his
635 330 804 388 sedibu}
839 332 1058 385 inuenias‚
1105 330 1225 384 quod
1260 328 1449 383 indagari
1485 333 1622 387 poffit.
1689 332 1781 377 Vbi

166 402 304 443 rarior
338 401 466 453 adeps
506 399 547 438 in
588 397 790 438 discretos
838 410 1013 451 aggeres
1060 396 1302 448 collectus,
1355 394 1584 441 interstitiis
1638 400 1783 454 pasfim

167 466 310 522 sparsis
347 463 541 506 veficulis
579 461 817 514 occupatis,
854 473 925 504 aut
960 461 1132 516 prorsus
1170 461 1221 502 ab
1253 460 1377 515 adipe
1413 460 1578 514 liberis,
1617 465 1783 508 facilius

169 533 275 574 haec
313 531 483 584 adipem
521 526 747 567 continens
792 527 1014 568 substantia
1056 525 1302 580 inquiritur.
1358 525 1427 569 Sic
1465 539 1531 567 res
1567 527 1606 568 se
1642 529 1786 584 habet,

168 598 242 638 vbi
278 597 406 649 adeps
444 591 694 633 cellulosam
730 592 841 633 inter
879 591 1099 633 musculos
1139 592 1395 643 comitatur,
1434 605 1641 646 eamque,
1682 608 1787 647 quae

167 661 387 703 musculos
425 657 598 698 investit
625 686 643 709 2
686 657 941 711 ingreditur,
980 656 1100 697 velut
1135 657 1178 696 in
1216 656 1422 710 exemplo
1458 657 1669 711 superiori
1706 661 1784 713 (a).

164 727 316 779 Adeps
354 723 482 765 etiam
522 722 574 763 ad
596 721 706 762 basin
746 722 890 763 cordis
928 721 1152 775 congestus
1185 722 1415 776 copiofiori
1437 722 1665 764 cellulosae
1696 724 1794 765 sub-

165 791 336 832 stantiae
374 788 597 829 inuolutus
637 786 749 841 quafi
788 788 951 839 haeret,
993 799 1100 840 quae
1138 786 1211 826 vbi
1248 788 1505 841 explicatur,
1539 787 1678 841 glebis
1700 790 1790 830 adi-

166 857 232 912 pis
271 853 489 906 euoluds,
529 851 651 893 facile
689 853 878 906 indagari
915 851 1065 906 potest.
1135 850 1207 892 Ex
1241 851 1319 892 illo
1358 853 1480 906 adipe
1517 866 1624 906 ergo
1661 855 1792 908 parti-

166 921 307 962 culam
345 919 418 960 sub
457 917 790 971 microscopium
828 916 1025 959 transtuli
1065 914 1150 967 (b).
1232 914 1451 958 Continua
1474 946 1486 969 ‚
1522 927 1568 957 vt
1604 919 1790 972 dicium,

165 985 413 1035 vuiformis.,
455 982 653 1036 fimplex‚
692 982 900 1037 aequalis,
938 980 1282 1036 pellucidiffima,
1319 982 1555 1023 semifluida
1592 992 1635 1024 et
1657 984 1792 1026 duffi-

165 1052 216 1093 lis
254 1050 323 1090 est.
363 1047 595 1090 Caeterum
635 1048 842 1088 vesiculae
881 1048 1037 1101 adipis,
1075 1048 1118 1086 in
1158 1060 1260 1100 quas
1297 1047 1416 1088 fluidi
1455 1049 1615 1102 adiposi
1654 1050 1791 1104 depo-

166 1116 318 1157 sitione
357 1113 580 1153 substantia
618 1112 821 1153 cellulosa
859 1112 1028 1153 duc‘tilis
1067 1111 1159 1151 fieta
1195 1111 1250 1152 est
1275 1141 1288 1164 ,
1341 1123 1384 1152 et
1420 1113 1661 1155 veficularis
1718 1115 1791 1156 illa

163 1180 266 1221 hinc
303 1186 398 1219 nata
433 1178 567 1230 adipis
605 1176 830 1230 strudfflra,
867 1191 919 1218 ne
958 1177 1249 1218 confundatur
1284 1190 1382 1218 cum
1421 1178 1569 1230 cellis‚
1608 1179 1791 1221 cellulo-

166 1245 233 1285 sae
272 1242 517 1284 substantiae
555 1241 795 1296 adscriptis,
835 1243 1091 1283 cauendum.
1161 1240 1305 1282 Etiam
1343 1241 1434 1283 vasa
1472 1252 1516 1284 et
1551 1244 1657 1285 aliae
1693 1258 1791 1299 par-

167 1318 231 1349 tes
278 1307 504 1360 organicae
550 1319 604 1346 ex
648 1319 696 1346 ea
741 1306 962 1347 substantia
1016 1305 1135 1346 fletae
1188 1307 1398 1360 plurimae
1453 1308 1645 1358 exstaut3
1701 1324 1790 1351 non

166 1371 382 1414 vasculosa
418 1372 518 1412 ideo
555 1379 625 1411 aut
662 1371 862 1425 organica
899 1384 948 1413 ea
983 1370 1206 1412 substantia
1241 1382 1448 1424 vocatur,
1484 1386 1540 1414 ex
1580 1387 1659 1428 qua
1696 1376 1790 1418 vasa

165 1448 237 1480 aut
272 1446 410 1492 partes
464 1436 691 1489 organicae
746 1436 981 1490 finguntur.
1052 1436 1112 1477 Et
1148 1449 1254 1489 quae
1293 1436 1362 1477 sua
1400 1448 1547 1478 natura
1584 1439 1789 1481 cellulosa

167 1504 247 1545 effe
285 1503 441 1544 dicitur
477 1500 697 1541 substantia
731 1500 854 1553 ipsa,
912 1513 1073 1554 quam,
1126 1500 1210 1541 siue
1256 1500 1400 1542 fic'tum
1447 1515 1502 1543 ex
1537 1515 1585 1543 ea
1622 1503 1818 1558 aliquid*

168 1567 379 1622 organici,
416 1566 501 1606 siue
538 1579 622 1607 non
661 1564 823 1617 ficium,
860 1564 1003 1618 fuerit,
1041 1575 1183 1606 tamen
1221 1566 1385 1606 nonnifi
1424 1566 1672 1609 cellulosam
1707 1570 1787 1611 effe

171 1634 284 1685 posse
321 1641 487 1687 putant,
525 1644 574 1672 ea
608 1643 688 1672 nec
725 1629 964 1685 cellulosa,
1001 1643 1080 1671 nec
1115 1630 1298 1686 porosa,
1338 1644 1416 1674 nec
1455 1632 1680 1688 spongiosa
1716 1634 1786 1676 sua

173 1706 318 1737 natura
352 1697 422 1737 est.

362 1825 516 1881 Neque
552 1827 666 1868 redie
704 1826 791 1868 cuti
829 1826 1130 1870 subcutaneam
1168 1827 1416 1870 cellulosam
1454 1827 1680 1872 subiediam
1709 1829 1791 1871 effe

176 1889 389 1941 scribitur,
423 1892 463 1930 in
501 1906 626 1946 quam
664 1891 829 1933 scilicet
864 1893 1011 1934 sensim
1050 1894 1285 1949 sensimque
1323 1895 1462 1935 laxior
1499 1896 1605 1936 cutis
1639 1895 1789 1937 abiret.

178 1954 314 1996 Strata
350 1954 423 1995 sub
460 1967 553 1998 cute
589 1957 722 2012 pofita
759 1958 853 1999 suut
888 1959 1133 2000 substantiae
1157 1989 1171 2012 .,
1217 1973 1323 2013 quae
1361 1960 1494 2013 magis
1534 1962 1620 2002 cuti
1662 1973 1789 2015 quam

177 2019 404 2061 cellnlosae
441 2019 581 2062 fimilis
620 2023 700 2076 est,
749 2037 855 2078 quae
893 2037 971 2065 nec
1008 2025 1245 2079 incongrue
1284 2025 1335 2067 ad
1372 2025 1504 2080 ipsam
1543 2036 1686 2068 cutem
1723 2038 1791 2066 re-

1688 2089 1790 2132 ferri

237 2399 360 2445 Noua
379 2400 487 2447 Aa«
503 2400 635 2444 Acad.
656 2401 760 2460 Imp.
780 2403 851 2449 Sc.
869 2404 918 2448 T.
940 2405 1037 2449 V11.
1367 2404 1410 2450 O
1447 2418 1476 2450 o
