2007 2702
684 184 836 198 -·-
871 171 1027 224 (251)
1063 181 1215 195 '¹‘—

141 285 327 330 chemici
365 283 617 327 recentioris
655 284 748 327 aeui
784 294 994 337 Vtuntur,
1046 283 1174 325 serius
1214 282 1379 338 semper
1413 288 1598 332 fundunt
1632 303 1758 333 accu-

142 363 231 396 rate
269 353 623 403 determinatum,
659 365 737 393 nec
775 351 898 392 facile
936 351 988 392 ad
1024 351 1168 405 plures
1208 362 1272 390 res
1311 350 1583 403 designandas
1621 354 1757 398 trans-

143 418 244 460 ferri
282 426 459 474 queunt.
536 414 658 459 Olim
699 416 873 469 quidem
911 416 1211 457 chemicorum
1249 415 1571 471 terminologias
1607 422 1758 463 fiuc‘tu-

143 484 251 526 antis
288 481 607 538 fignificationis
644 480 751 521 vitio
788 481 1009 533 laboraffe,
1050 481 1228 521 minime
1267 480 1475 522 diffiteor:
1514 483 1629 535 (nam
1656 500 1693 527 e.
1715 500 1758 540 g.

142 548 239 591 salia
276 558 423 590 neutra
458 560 512 587 ex
547 545 672 586 acido
710 547 852 587 tartari
889 546 1095 600 oriunda,
1130 547 1202 588 vel
1238 559 1335 587 cum
1374 546 1496 588 alcali
1531 551 1761 602 vegetabili

141 614 234 656 fixo
275 614 340 655 vel
377 611 540 653 volatili
578 611 834 662 commixta,
871 626 893 653 a
928 612 1144 652 veteribus
1183 613 1407 653 communi
1445 613 1640 666 nomine,
1678 623 1760 655 tar-

145 689 283 721 tarum
321 677 551 719 solubilem
587 686 737 721 vocata
775 675 890 728 effe,
942 689 1021 716 nec
1058 689 1145 717 nou
1183 676 1256 731 ipsi
1293 676 1358 717 cel
1399 675 1616 731 Macquero
1652 679 1762 720 adeo

143 748 284 786 aerem
321 742 629 797 phlogisticum
665 751 708 781 et
739 739 895 794 fixum,
933 740 1024 795 (vel
1047 741 1217 784 acidum
1242 743 1435 795 aereum)
1473 744 1764 789 vnumidem-

144 822 227 864 que
265 809 400 858 fuisse,
440 820 553 862 qius,
593 805 763 860 quaes0‚
801 807 912 847 ferre
949 805 1213 861 potuerit?)
1268 806 1338 846 sed
1376 808 1495 861 quod
1533 808 1767 850 autecesso-

80 902 84 903 ν
143 887 212 916 res
252 873 517 928 factitarunt,
553 884 642 914 non
676 871 794 917 idem
828 871 1132 929 imputandum
1168 871 1224 913 est
1258 872 1598 928 recentIOribus,
1636 886 1765 923 coae-

147 952 318 994 uisque.

340 1071 388 1125 2)
426 1070 560 1127 Quod
594 1077 736 1112 autem
771 1069 961 1125 sequitur
1013 1085 1075 1113 ex.
1112 1078 1366 1126 argumento
1403 1070 1592 1113 secundo
1630 1069 1767 1110 dedu·

150 1134 265 1177 &vm
308 1135 460 1189 lugu-„12
501 1136 792 1177 immutandae
830 1148 1136 1191 praeceptum,
1183 1137 1342 1192 quippe
1383 1150 1469 1191 quo
1507 1135 1683 1177 nomina
1719 1146 1768 1175 ea

143 1201 325 1243 reiicere
362 1200 577 1252 iubemur,
616 1215 721 1255 quae
758 1201 855 1243 artis
893 1202 1034 1243 minus
1073 1202 1235 1256 peritos
1274 1204 1315 1242 in
1352 1213 1519 1242 errores
1557 1201 1764 1241 inducere

143 1266 314 1319 poffint‚
353 1266 528 1318 dignum
559 1266 631 1316 est,
670 1267 787 1320 quod
824 1266 972 1319 paullo
1010 1266 1258 1320 diligentius
1295 1266 1581 1307 examinetur.
1619 1264 1766 1312 Nimi-

143 1340 241 1370 rum
276 1329 388 1382 sunt,
426 1330 498 1384 qui
535 1329 622 1370 hoc
658 1339 938 1387 praeceptum
973 1330 1069 1373 ante
1107 1331 1260 1373 oculos
1297 1330 1507 1374 habentes
1543 1344 1581 1373 e.
1620 1344 1661 1386 g.

339 1458 386 1512 a)
424 1458 793 1513 Reprehendant,
855 1461 1017 1502 calcem
1069 1460 1203 1515 vulgo
1260 1459 1519 1502 metallicam
1576 1459 1764 1511 dictam,

150 1522 343 1579 quamuis
382 1532 528 1566 natura
564 1526 654 1565 eius
693 1526 829 1566 indoli
867 1527 1003 1566 calces
1041 1526 1156 1567 virae
1193 1538 1465 1580 nequaquam
1504 1524 1762 1579 respondet,

149 1588 199 1629 ab
236 1588 320 1643 ipsa
356 1598 499 1631 tamen
537 1590 652 1631 calce
690 1592 785 1632 viua
832 1604 991 1632 nomen
1037 1591 1233 1633 traxiffe:
1288 1590 1359 1632 sed
1414 1589 1589 1642 habeo,
1645 1587 1763 1644 quod

148 1652 429 1705 respondeam
482 1654 528 1706 α)
566 1656 753 1709 primum
798 1656 912 1696 enim
961 1665 1003 1697 et
1047 1657 1097 1698 ad
1144 1656 1187 1697 id
1227 1656 1403 1709 quidem
1440 1655 1669 1710 praecipue
1707 1661 1767 1694 at-

151 1716 268 1756 tendi
303 1719 450 1771 velim,
488 1733 584 1760 cum
622 1734 678 1762 ex
708 1721 929 1762 communi
968 1721 1176 1776 loquendi
1213 1719 1285 1762 vsu
1324 1734 1410 1761 non
1447 1720 1570 1761 vnice
1608 1730 1766 1760 terram

150 1782 400 1833 calcaream,
435 1797 615 1839 eamque
652 1785 740 1839 igni
779 1785 948 1826 fortiori
986 1786 1239 1840 expositam,
1275 1785 1423 1827 calcem
1461 1785 1651 1839 (viuum)
1687 1797 1770 1825 vo-

153 1858 274 1898 care,
310 1845 381 1886 sed
417 1847 543 1889 etiam
580 1850 751 1904 Gypso‚
788 1851 911 1892 simili
950 1852 1085 1893 modo
1123 1851 1173 1892 ab
1211 1851 1320 1905 ignis
1358 1851 1632 1892 vehementia
1670 1862 1765 1889 mu-

153 1920 260 1963 tato,
297 1909 424 1951 calcis
462 1926 614 1955 vocem
651 1916 807 1957 addere
845 1916 1070 1965 soleamus3
1109 1914 1358 1971 (Gypskalk)
1395 1915 1641 1957 vniuerf'alis
1680 1914 1767 1955 cal-

154 1976 213 2017 cis
251 1976 373 2016 notio
410 1976 685 2021 solummodo
723 1981 773 2022 ad
810 1982 934 2023 valde
972 1983 1240 2024 immutatam
1287 1981 1467 2023 alicuius
1516 1981 1576 2021 rei
1615 1979 1767 2021 condi-

155 2041 319 2082 tionem
342 2069 355 2090 ‚
409 2053 464 2081 ex
500 2042 627 2083 solius
665 2045 773 2099 ignis
810 2047 1148 2089 vehementioris
1188 2046 1290 2100 (nec
1329 2057 1471 2087 tamen
1510 2044 1763 2095 fundentis,

155 2118 257 2147 vere
294 2105 528 2147 indurantis
566 2117 636 2148 aut
671 2111 986 2165 comburentis)
1024 2114 1066 2154 vi
1087 2112 1298 2166 respicere
1317 2112 1502 2153 videtur.
1541 2110 1638 2165 Qua
1672 2111 1766 2163 qui-

157 2171 254 2212 dem
291 2170 470 2211 notione
508 2173 632 2214 calcis
670 2176 883 2217 vocabulo
921 2178 1117 2227 subiecta,
1154 2178 1292 2231 ipsum
1329 2177 1414 2217 hoc
1452 2188 1610 2216 nomen
1641 2187 1764 2216 com-

154 2247 301 2292 petere
338 2235 467 2276 etiam
505 2236 672 2278 videtur
708 2240 936 2298 metallicis,
968 2243 1049 2284 istis
1087 2242 1337 2293 substantiis,
1374 2254 1481 2296 quae
1519 2241 1630 2295 ignis
1667 2241 1765 2280 vio-

158 2300 313 2344 lentiae
350 2301 429 2342 hac
465 2302 631 2345 ratione
667 2297 996 2360 exposueramus
1018 2337 1031 2362 ,
1070 2320 1264 2364 quaeque
1298 2306 1401 2349 ideo
1439 2304 1662 2351 calcinatas
1700 2304 1764 2343 di-

888 2371 941 2412 li
979 2385 1003 2410 2
1628 2369 1764 2410 cimus
