2007 2702
689 178 844 193 —·
878 161 1036 221 (253)
1070 178 1222 195 -

132 282 170 327 -1ἱ
207 279 492 325 mutationem
536 278 805 336 exprimente
861 279 958 334 (*);
1015 279 1316 334 designandam
1362 282 1441 323 effe
1476 282 1754 338 putauerim:

131 363 237 392 nam
277 350 349 404 qui
387 347 606 389 materiam
643 346 880 388 acidificam
914 345 956 385 in
987 348 1101 398 aete,
1138 345 1352 386 contineri
1390 347 1656 401 arbitrantur„
1697 349 1760 391 oli

139 415 266 456 valde
303 413 482 455 dubium
519 412 658 453 adhuc
695 411 768 463 est,
804 411 857 452 fic
894 410 1021 452 etiam
1058 411 1100 451 in
1134 410 1322 452 calcibus
1361 409 1414 451 fic
1453 412 1569 454 dic‘tis
1607 414 1758 457 metal-

132 479 270 533 licis,
307 480 349 520 in
385 479 522 520 sensus
561 489 648 517 non
685 476 895 517 incurrit:
932 475 1121 532 ideoque
1160 477 1263 529 quid
1301 476 1375 517 sub
1405 476 1560 528 oxydis
1598 479 1758 521 intelli-

132 556 299 601 gatur,
350 541 559 597 imperitis
614 541 862 596 diligentius
919 542 1060 583 adhuc
1097 543 1339 597 explicetur
1375 543 1537 582 necesse
1572 542 1662 594 est,
1714 553 1761 586 vt

129 611 289 659 sciant,
324 607 494 650 metalla
530 607 584 648 fic
620 608 793 656 vocari,
834 620 941 661 quae
977 607 1052 649 sub
1089 608 1227 663 specie
1265 606 1503 651 terriformi
1539 608 1761 663 adparent,

140 675 321 734 proprio
356 673 456 729 ipsis
494 672 720 728 splendore
757 670 912 713 orbati.

334 770 389 825 b)
440 770 664 813 Praeterea
714 769 846 812 etiam
898 769 1075 812 nomina
1127 772 1237 813 acidi
1293 769 1473 823 nitrosi,
1524 769 1765 824 viti-inlici,

137 836 412 894 phosphorei
449 835 670 878 nonnullis
709 837 885 877 minime
921 836 1133 889 arrident,
1181 837 1342 892 quippe
1383 836 1536 891 quibus
1575 835 1765 877 diuersus

137 904 366 945 acidorum
403 902 526 944 status
564 916 652 943 non
691 901 782 943 satis
821 902 1064 943 luculenter
1099 902 1396 956 distinguatur,
1433 914 1576 956 neque
1604 902 1767 942 indice-

139 976 228 1018 tur,
267 968 439 1021 quando
475 980 581 1022 pura
618 966 696 1007 sint
730 967 866 1019 acida,
905 978 947 1008 et
972 969 1162 1022 quando‚
1199 977 1245 1008 vt
1282 981 1381 1008 cum
1418 966 1636 1008 veteribus
1665 967 1768 1007 che-

142 1032 267 1073 micis
303 1033 475 1087 loquar,
514 1032 699 1073 alienum
736 1032 1043 1086 phlogisticum
1083 1033 1203 1086 quid7
1249 1033 1336 1083 vel,
1385 1041 1428 1072 vt
1463 1032 1582 1073 aiunt
1617 1044 1768 1072 recen-

128 1098 311 1150 tiores,
356 1098 560 1139 >nondum
606 1096 697 1138 satis
732 1097 955 1150 copiosam
993 1098 1201 1151 oxygenii
1240 1097 1460 1139 materiam
1499 1097 1765 1138 contineant.

142 1161 289 1218 Quare
325 1162 635 1204 statumillum
670 1162 951 1216 posteriorem
989 1162 1112 1203 fimili
1151 1164 1335 1216 quadam
1379 1161 1567 1203 nominis
1604 1162 1768 1203 radica-

141 1228 194 1269 lis
231 1227 430 1269 flectione
466 1228 527 1280 (e.
565 1242 606 1282 g.
645 1227 854 1269 nitrosum
876 1258 890 1281 .,
925 1228 1228 1281 sulphurosum
1250 1257 1264 1279 ‚
1309 1226 1687 1282 phosphorosum)
1724 1235 1768 1267 et

128 1292 334 1346 -priorem
370 1292 558 1332 nominis
596 1293 737 1331 forma
772 1293 1014 1345 paullulum
1059 1292 1285 1333 immutata
1340 1291 1400 1341 (e.
1439 1305 1480 1345 g.
1527 1291 1727 1332 nitricum
1750 1320 1765 1344 .‚

134 1355 453 1410 sulphur-icum,
489 1356 861 1411 phosphoricum)
899 1358 1089 1399 inuicem
1126 1357 1382 1411 distinguere
1421 1355 1583 1408 folerst,
1620 1367 1662 1397 et
1692 1369 1768 1397 ve-

127 1434 191 1464 210
227 1420 455 1462 discrimen
493 1421 578 1462 hoc
615 1420 712 1463 saris
750 1435 989 1476 magnum,
1040 1437 1064 1463 a
1106 1423 1314 1463 chemicis
1367 1432 1488 1462 antea
1534 1421 1766 1475 saepissime

139 1487 224 1529 iam
263 1486 537 1528 obseruatum
575 1487 652 1534 est‚·
692 1486 863 1527 alterum
901 1488 1010 1529 acidi
1042 1500 1194 1540 genus,
1230 1488 1434 1537 uitricum,
1470 1485 1640 1527 acidum
1679 1487 1763 1526 nit·

143 1551 286 1593 rosum
324 1551 415 1605 (vel
451 1552 592 1593 addita
636 1552 765 1593 etiam
807 1565 947 1605 voce,
1004 1565 1156 1606 parum
1210 1561 1282 1592 aut
1334 1550 1763 1604 dephlogisticatum)

136 1615 327 1669 alterum,
363 1617 573 1658 nitrosum
609 1615 914 1671 phlogisticum
952 1616 1284 1672 appellantibus.
1340 1615 1506 1671 Quodsi
1542 1629 1646 1656 vero
1683 1629 1767 1670 po-

146 1679 293 1721 sterior
327 1682 431 1723 haec
467 1682 765 1724 denominatio
803 1682 1090 1723 aduersarium
1144 1682 1205 1722 rei
1243 1680 1521 1735 phlogisticae
1567 1681 1766 1722 offende-

148 1746 235 1795 rit,
270 1744 420 1786 reiecta
459 1747 536 1788 hac
558 1776 572 1800 ‚
625 1748 794 1789 acidum
831 1747 938 1789 illud
977 1748 1214 1789 commode
1250 1743 1515 1801 imperfeci'ius
1550 1747 1767 1788 nominari

146 1809 263 1866 posse
302 1810 588 1861 crediderim3
638 1814 756 1867 quod
795 1813 971 1866 quidem
1008 1825 1168 1853 nomen
1206 1824 1306 1852 cum
1344 1820 1531 1865 Vtroque
1567 1811 1766 1863 systema-

149 1885 190 1916 te
229 1874 448 1915 conciliari
482 1877 649 1929 potest;
707 1887 847 1918 vtrum
894 1891 999 1920 vero
1043 1876 1375 1919 recentissimum
1421 1876 1527 1917 illud
1567 1889 1765 1930 nomen,

149 1939 370 1981 breuitatis
408 1941 571 1992 caussa,
608 1943 938 1997 praeferendum
974 1943 1056 1999 sit,
1093 1955 1172 1984 nec
1209 1955 1290 1997 ne,
1329 1942 1381 1983 de
1419 1955 1468 1984 ea
1506 1941 1683 1997 quidem
1719 1955 1765 1984 re

149 2005 259 2047 infra
295 2004 587 2059 disputabitur.

858 2073 911 2115 Ii
948 2085 972 2124 3
1715 2071 1767 2127 3)

227 2269 281 2318 (*)
330 2268 541 2316 Argentum,
562 2271 713 2319 ferrum,
740 2273 866 2310 tflrra'e
892 2276 995 2322 (quia
1022 2284 1101 2310 vox
1125 2271 1218 2308 haec
1246 2269 1440 2320 obsoleta),
1466 2271 1527 2310 vel
1554 2272 1714 2310 demetalli
1731 2284 1767 2305 a-

354 2325 508 2407 tusnqiet
534 2319 628 2358 actio
655 2321 745 2371 ipsa,
772 2327 1005 2373 territum-re,
1033 2322 1294 2373 demetallc'sare‚
1323 2329 1386 2361 aut
1412 2334 1507 2373 quae
1531 2322 1617 2362 sunt
1642 2323 1766 2361 norni-

354 2381 402 2407 na
428 2381 446 2407 a
473 2381 502 2408 a.
