2007 2702
768 245 918 269 ³-—
952 229 1109 286 (με)
1143 240 1294 273 ---;ε

431 351 582 407 Atque
617 347 722 392 haec
758 348 852 390 sunt
885 347 1171 402 potissimum,
1211 345 1252 386 in
1294 343 1447 399 quibus
1485 352 1597 387 tanta
1634 345 1831 399 crystalli-

232 415 407 460 sationis
445 417 553 459 aceti
592 415 717 456 nostri
754 426 852 454 cum
887 425 1019 466 aquae
1057 411 1358 466 congelatione
1412 409 1642 452 fimilitudo
1697 413 1834 453 cerui-

233 491 337 535 tur,
391 492 437 523 vt
471 478 751 522 memorabile
789 478 873 518 hoc
910 478 1164 531 procinetum
1204 477 1310 516 aceti
1348 475 1535 529 glacialis
1574 489 1734 518 nomen
1769 482 1833 519 iu·

232 560 279 590 re
315 546 389 588 fibi
425 545 669 599 meritoque
704 542 921 583 vindicare
959 542 1072 595 poffe
1111 541 1317 582 videatur.

427 674 462 728 ᾗ.
504 674 574 713 26.
643 670 751 713 Sunt
785 681 890 710 vero
925 677 969 709 et
1003 668 1082 709 alia
1117 669 1159 708 in
1199 668 1350 722 quibus
1389 680 1588 722 magnum
1624 670 1734 714 inter
1769 679 1834 712 vt-

231 752 407 794 tamque
445 737 668 778 discrimen
705 735 905 775 cernitur.

325 867 375 923 α)
411 866 533 908 Idem
569 864 626 905 est
662 864 703 905 in
741 876 848 918 aqua
885 861 1200 916 congelationis
1238 870 1281 903 et
1316 859 1618 913 liquescentiae
1657 864 1834 915 gradus,

427 943 514 980 150
553 942 710 982 nempe
749 929 957 982 graduum
996 926 1125 966 [calae
1164 925 1475 973 Del'lslianae3
1525 928 1712 967 diuerlus
1750 941 1835 968 non

424 994 534 1036 nihil
572 995 613 1035 in
653 1004 774 1035 aceto
813 992 978 1046 glaciali
1003 1019 1016 1041 .,
1052 991 1142 1042 ita,
1194 1000 1272 1042 vt,
1330 992 1443 1044 quod
1483 991 1523 1030 in
1565 991 1704 1031 calore
1749 1003 1830 1041 ¹25

424 1060 635 1114 graduum
674 1057 895 1110 liquescit,
931 1055 1108 1110 glaciale
1146 1067 1342 1105 acetum,
1381 1068 1466 1094 non
1506 1056 1577 1095 nisi
1615 1057 1655 1096 in
1693 1056 1835 1098 calore

431 1124 542 1173 132⁰
576 1124 645 1164 vel
688 1124 792 1171 1350
830 1123 1036 1175 graduum
1074 1120 1114 1159 in
1154 1120 1370 1171 crystallos
1410 1119 1544 1160 abeat.

330 1217 378 1274 b)
413 1219 544 1262 Aceti
581 1219 769 1272 glacialis
807 1218 1012 1258 volumen
1049 1216 1392 1268 crystallis-atione
1451 1216 1605 1256 mirum
1663 1217 1703 1256 in
1743 1230 1836 1257 mo-

429 1285 532 1325 dum
571 1282 856 1331 diminuitur,
911 1294 1091 1335 parsque
1127 1281 1261 1322 solida
1295 1281 1481 1331 liquidae
1520 1294 1603 1320 non
1644 1282 1838 1334 superna-

430 1356 523 1399 tat,
578 1346 697 1387 cuius
741 1345 1002 1387 contrarium
1039 1344 1131 1405 fieri
1166 1344 1210 1383 in
1247 1356 1379 1396 aquae
1417 1344 1718 1396 congelatione
1757 1357 1836 1385 no-

430 1423 586 1452 vimus.

433 1536 471 1591 ξ.
515 1549 585 1587 27.
658 1534 766 1577 Sunt
800 1536 926 1578 etiarn
964 1534 1169 1576 nonnulla
1205 1541 1327 1576 aceto
1363 1532 1530 1589 glaciali
1575 1532 1698 1587 plane
1735 1545 1837 1588 pro-

244 1600 336 1661 pria
371 1601 724 1655 crystallil‘ationis
762 1602 1091 1656 phaenomena:

344 1730 395 1786 α)
432 1729 747 1785 Elegantissima
783 1742 934 1770 eorum
973 1742 1020 1771 ea
1055 1726 1315 1783 proprietate
1351 1725 1573 1775 nituntur,
1628 1737 1707 1777 qua
1753 1724 1837 1765 aci-

442 1797 544 1837 dum
585 1795 668 1835 hoc
706 1795 746 1834 in
786 1797 898 1834 vitro
953 1794 1094 1835 claulo
1149 1794 1364 1832 detentum
1389 1820 1400 1838 5
1455 1800 1497 1829 et
1533 1801 1650 1829 certo
1705 1791 1836 1843 gradu

438 1860 739 1913 refrigeratum
762 1887 776 1909 ‚
824 1872 910 1900 non
948 1858 1019 1898 nisi
1057 1857 1151 1897 vitri
1189 1856 1457 1895 concullme
1495 1865 1536 1893 et
1573 1853 1693 1893 liberi
1733 1854 1836 1894 :sris

438 1927 554 1965 aditu
593 1924 635 1963 in
673 1923 888 1974 crystallos
926 1923 1011 1963 abit
1046 1922 1103 1972 (ἦ.
1144 1933 1214 1964 25.
1251 1920 1307 1971 a).
1378 1918 1479 1973 Quo
1516 1919 1554 1957 in
1594 1919 1712 1967 casu,
1758 1931 1837 1971 pro

442 1990 563 2028 vario
619 1990 724 2028 aceti
780 1986 1114 2041 refrigerationis
1167 1985 1298 2039 gradu
1363 1983 1578 2038 sequeutia
1636 1991 1839 2037 apparent

438 2051 745 2104 phoenomena
783 2052 909 2092 varia.

342 2143 391 2200 α)
427 2144 515 2187 Sub
555 2147 687 2188 debili
725 2145 1049 2201 refrigeratione
1088 2143 1235 2198 ingens
1271 2143 1605 2185 tenuiffimorurn
1651 2142 1838 2195 triangu-

437 2210 579 2251 lorum
620 2213 978 2265 aequilaterorum
1022 2222 1097 2264 per
1128 2222 1305 2250 omnem
1359 2209 1463 2250 aceti
1521 2207 1686 2247 rnaffam
1740 2207 1838 2247 hinc

436 2273 536 2313 inde
574 2276 805 2320 natantium
844 2276 994 2327 conia,
1031 2286 1138 2324 quae
1176 2287 1327 2315 omnes
1363 2274 1532 2314 colores
1569 2271 1836 2324 prismaticos

438 2339 664 2394 exhibent,
700 2340 971 2394 conspicitur.
1033 2338 1207 2381 Accidit
1244 2352 1419 2395 quoque
1454 2338 1540 2380 hoc
1576 2336 1686 2389 casu,
1720 2333 1838 2375 raris-

1735 2398 1835 2440 fime
