2007 2702
678 217 830 232 ·---
864 201 1023 258 (229)
1058 217 1211 242 ===

834 345 836 347 ·
963 333 1001 374 Ε

257 427 614 503 MOTV
680 332 986 499 CObIJJI
1052 424 1628 501 DVPLICIS

919 576 981 613 IN

430 662 665 707 ALTVM
708 661 961 707 SPONTE
997 660 1460 708 ASCENDENTIS.

864 793 1057 836 Auctore

658 890 714 932 A.
766 890 808 931 K
830 889 932 934 ΟΝ
955 891 991 934 Ο
1016 890 1062 934 N
1084 890 1120 931 Ο
1143 890 1247 931 FF.

525 1112 711 1154 Conuenc.
749 1111 885 1154 exhjb.
923 1113 963 1153 d.
1005 1126 1058 1162 13
1099 1112 1190 1153 Ian.
1233 1125 1370 1164 1791.

882 1334 918 1389 ᾗ.
962 1347 999 1375 1.

135 1400 367 1519 Conum
410 1473 629 1528 duplicem
675 1488 730 1516 ex
775 1477 943 1518 duobus
999 1476 1119 1518 conis
1176 1475 1337 1528 rectis,
1393 1488 1579 1530 quorum
1634 1475 1752 1517 bases

138 1541 388 1582 coniunecae
424 1539 552 1592 sunt,
605 1538 929 1595 compofitum,
982 1550 1109 1595 atque
1156 1540 1324 1581 duobus
1372 1541 1508 1594 planis
1546 1541 1752 1595 angulum

142 1606 422 1646 formantibus
461 1616 502 1645 et
537 1605 692 1646 leniter
728 1607 769 1647 iu
808 1606 941 1647 altum
978 1605 1337 1658 ascendentibus,
1375 1605 1647 1659 impolitum,
1684 1606 1753 1647 sua

140 1666 289 1722 sponte
333 1671 556 1712 ascendere
603 1670 805 1711 omnibus
853 1671 936 1712 iam
989 1682 1140 1712 notum
1188 1671 1256 1711 est.
1327 1671 1478 1711 Motus
1524 1672 1754 1713 huiusmo-

141 1734 185 1774 di
238 1734 371 1787 coui,
429 1748 450 1775 a
501 1736 647 1777 multis
702 1734 983 1788 Phyficorum
1028 1737 1112 1777 iam
1158 1736 1436 1791 exploratus,
1489 1750 1510 1777 a
1545 1737 1754 1789 nemine,

143 1807 348 1853 quantum
386 1798 505 1851 scio,
557 1801 607 1842 ad
653 1802 842 1842 amuffim
890 1802 1196 1843 determinatus
1234 1801 1305 1842 est.
1380 1799 1438 1841 Et
1473 1801 1558 1856 ipse
1598 1800 1753 1843 Celeb.

143 1863 305 1916 Geor-g.
335 1862 601 1919 VVolffgang.
631 1865 790 1919 Kmfft,
834 1867 899 1907 vir
935 1868 987 1908 de
1022 1867 1242 1922 republica
1276 1866 1478 1908 litteraria
1517 1866 1626 1908 bene
1663 1879 1756 1907 me-

140 1929 282 1980 ritus,
335 1928 377 1967 in
434 1929 713 1973 dissertatione
771 1931 838 1973 sua
883 1941 1007 1974 tomo
1054 1932 1174 1974 sexto
1211 1945 1427 1973 nouorum
1467 1929 1754 1974 Commenta-

143 1994 310 2034 riorum
354 1992 613 2035 Academiae
659 1996 940 2039 Scientiarum
989 1997 1228 2052 Imperialis
1273 1997 1622 2051 Petropolitanae
1678 1996 1753 2038 sub

145 2058 304 2098 titulo:
374 2055 607 2110 Explicatio
643 2063 904 2114 experimenti
935 2064 1145 2118 paradoxi
1188 2063 1235 2103 de
1271 2060 1428 2117 ascensu
1463 2063 1549 2103 'com'
1583 2062 1754 2116 duplicis

144 2126 183 2165 in
219 2122 343 2163 altum
367 2120 588 2175 spontaneo
624 2124 806 2180 inserta,
857 2142 999 2183 neque
1038 2131 1091 2170 de
1126 2128 1288 2169 viribus
1326 2141 1484 2169 conum
1522 2128 1572 2170 ad
1611 2128 1756 2169 ascen-

148 2189 337 2229 dendum
384 2185 745 2244 sollicitantibus,
797 2207 937 2246 neque
976 2196 1028 2236 de
1067 2193 1228 2248 duplici
1265 2193 1355 2234 eius
1394 2202 1516 2234 motu
1553 2192 1647 2234 satis
1683 2206 1754 2234 ac-

145 2264 287 2294 curate
325 2264 656 2306 commemorat,
692 2256 760 2298 sed
800 2259 940 2300 omnis
978 2260 1069 2300 eius
1106 2271 1237 2313 opera
1273 2271 1326 2299 eo
1363 2259 1516 2311 tendit,
1552 2268 1598 2299 vt
1616 2258 1751 2299 osten·-

144 2319 231 2373 dar,
267 2318 480 2360 ascensum
518 2318 642 2361 huius
680 2327 778 2365 coni
814 2324 893 2366 effe
929 2334 1225 2379 apparentem,
1261 2334 1389 2380 atque
1426 2333 1621 2366 centrum
1658 2323 1750 2363 eius

880 2423 889 2427 „
921 2388 954 2430 F
977 2389 1002 2428 f
1029 2402 1051 2439 3
1656 2397 1750 2440 gra-
