2007 2702
808 235 957 259 Ξ
992 217 1145 274 (356)
1180 233 1331 257 z

271 331 403 386 (Flor.
442 332 529 386 roff.
564 331 674 374 Tom.
710 333 745 374 Ι.
782 333 896 374 Part.
933 333 968 374 I.
1006 334 1086 375 tab.
1122 350 1164 386 9.
1197 341 1243 388 p.
1284 347 1356 373 20.
1393 334 1522 374 itiner.
1559 332 1642 374 111.
1674 340 1717 387 p.
1755 349 1860 388 734.

269 409 308 437 77.
346 410 420 447 93.
459 397 542 438 tab.
578 397 636 440 N.
664 398 741 452 fig.
781 412 802 447 3
842 399 877 439 Α
900 398 973 451 Β.)
1011 401 1223 453 pertinere
1246 428 1258 451 9
1312 400 1448 440 donec
1485 399 1609 452 ipsius
1645 400 1804 440 arboris
1841 416 1863 442 a

267 458 540 517 Tourmsorlio
591 463 834 503 obseruatae
888 464 1087 517 exempla
1140 477 1215 518 per
1251 464 1418 504 amiciff.
1474 462 1661 503 corolum
1695 462 1864 505 Hablizl

269 524 353 578 Eq.
392 541 413 567 e
452 525 718 568 Chersoneso
755 528 911 568 taurica
948 532 1123 581 accepi‚·
1170 529 1239 582 qui
1277 539 1414 568 tamen
1452 528 1535 581 ipse
1574 528 1783 582 speciem,
1817 547 1860 571 m

268 592 552 644 topographia
590 592 655 632 sua
695 591 895 630 Tauridis
943 593 1361 645 (Γροῑρειῴιμιεειεοε
1399 597 1613 632 oniicaii'ie
1650 595 1862 644 Tanpnqe-

269 653 374 694 exosi
410 656 615 694 ofiaacmu
669 669 709 707 p.
770 655 896 707 107.)
951 669 1047 695 cum
1101 657 1247 695 eadem
1302 656 1435 696 nostra
1482 656 1593 706 Pyro
1648 656 1865 698 salicifolia

260 718 476 758 confudit.
548 716 812 759 Obseruante
850 720 1005 759 eodem
1052 719 1154 760 haec
1194 719 1291 769 Pyri
1345 720 1502 772 species
1557 721 1596 760 in
1651 722 1862 764 montanis

266 781 449 822 tauricae
486 781 719 823 chersonesi
757 784 915 837 ibique
952 784 1150 835 syluatica
1187 784 1258 834 est,
1295 784 1464 824 dumeta
1500 794 1541 822 et
1561 784 1654 824 satis
1691 797 1863 840 magnas

268 858 441 897 quoque
479 846 649 887 arbores
687 847 907 896 efficiens;
945 849 1069 889 ramis
1108 848 1433 902 spinel'centibus
1474 858 1644 900 armata,
1680 859 1722 889 et
1759 850 1865 890 albi-

266 909 317 949 da
354 911 559 950 foliorum
597 912 795 965 lanugine
833 926 853 952 e
892 912 1131 966 longinquo
1170 913 1410 965 conspicua.
1449 912 1613 952 Frzacflus
1650 914 1763 953 idem
1794 915 1866 954 ad·-

265 974 327 1013 dit
362 974 660 1027 iubglobosos7
696 976 789 1016 satis
827 991 1002 1030 magnos
1041 988 1082 1017 et
1118 977 1244 1017 succo
1283 976 1521 1017 diffluentes
1559 978 1654 1028 effe,
1692 988 1752 1028 vt,
1788 992 1865 1031 per

263 1038 503 1079 insitionem
558 1042 807 1092 emendati,
862 1043 975 1083 haud
1027 1042 1218 1096 ignobile
1264 1041 1491 1082 hortorum
1528 1042 1864 1083 additamentum

263 1101 431 1145 efficere
467 1104 582 1159 poss'e
620 1105 853 1147 videantur.

456 1201 642 1242 Accedit
678 1204 780 1245 haec
817 1204 1005 1257 species⁷
1053 1214 1254 1258 quantum
1292 1205 1477 1246 iudicare
1515 1205 1676 1258 possum
1714 1218 1736 1245 e
1773 1205 1865 1259 spe-

265 1265 492 1305 ciminibus
529 1266 687 1307 siccatis
724 1268 886 1308 floridis
924 1280 966 1308 et
1000 1283 1021 1309 e
1059 1269 1183 1309 ramis
1222 1270 1426 1320 infititiis,
1475 1283 1581 1321 quos
1618 1282 1640 1309 e
1677 1270 1864 1310 Taurica

264 1340 483 1382 acceptos⁷
522 1331 679 1371 truncis
717 1331 823 1371 Mali
862 1332 1114 1372 domesticae
1150 1334 1330 1385 impegi,
1367 1333 1534 1383 optimo
1572 1346 1666 1372 cum
1706 1333 1865 1372 lucces-

266 1393 342 1432 su:
381 1394 561 1442 accedit,
598 1394 788 1446 iuquam,
827 1396 875 1435 ad
915 1395 1070 1446 Pyrum
1108 1395 1293 1435 niualem
1350 1393 1568 1435 Celeberr.
1620 1395 1783 1447 Iac-quin
1818 1397 1863 1436 in

262 1456 414 1497 Florae
452 1456 673 1498 austriacae
709 1458 797 1498 vol.
828 1458 882 1498 Π.
921 1459 1001 1498 tab.
1030 1472 1131 1509 107.
1179 1459 1431 1498 delineatam
1474 1468 1515 1496 et
1551 1459 1752 1511 graphice
1789 1460 1864 1499 de-

264 1520 475 1574 scriptam.
545 1522 639 1562 Nec
679 1522 801 1562 facile
840 1522 932 1575 quis
957 1551 969 1572 7
1025 1522 1107 1562 fine
1153 1523 1328 1576 repetita
1365 1522 1584 1575 Vtriusque
1622 1523 1782 1563 arboris
1820 1523 1863 1562 in

262 1585 392 1626 horto
439 1587 795 1639 comparatione,
850 1586 1147 1627 diiudicaucrit
1201 1601 1248 1627 an
1302 1599 1400 1627 vere
1453 1586 1658 1626 distin&ae
1705 1586 1862 1639 species

261 1649 340 1689 fint
375 1649 687 1690 constituendae
715 1680 727 1702 .,
763 1650 832 1690 tel
869 1665 889 1691 a
924 1651 1026 1691 loco
1063 1650 1187 1691 natali
1225 1649 1586 1701 metamorphosin
1625 1652 1756 1703 passae
1792 1663 1864 1692 va-

261 1712 474 1754 rietates?
545 1713 824 1768 Comparatio
871 1716 997 1756 etiam
1036 1715 1245 1756 fruciuum
1283 1714 1532 1754 instituenda
1567 1715 1665 1754 esset
1689 1744 1701 1762 ,
1755 1727 1862 1767 quos

263 1791 347 1831 ego
384 1780 576 1819 nondum
614 1780 714 1820 vidi.
786 1779 961 1819 interim
998 1780 1152 1833 igitur,
1190 1780 1289 1818 dum
1329 1778 1430 1817 haec
1470 1787 1635 1830 tenipus
1673 1779 1861 1832 doceat,

265 1843 594 1898 descriptionem
631 1854 673 1884 et
709 1843 878 1884 iconem
917 1844 1079 1885 arboris
1117 1843 1297 1883 tauricae
1333 1841 1628 1895 suppeditabo.

455 1971 578 2014 Romi
613 1974 746 2025 craffi⁷
783 1984 966 2025 teretes,
1005 1970 1254 2023 subnfflofi,
1291 1971 1359 2011 sed
1396 1970 1626 2021 refriffirri,
1663 1970 1863 2012 testaceo-

265 2035 387 2087 fusci⁷
424 2036 612 2079 iuniores
653 2040 768 2079 tenui
804 2037 1002 2091 lanugine
1039 2034 1188 2075 vestiti.
1247 2033 1409 2076 Remuli
1443 2035 1651 2086 laterales,
1689 2036 1759 2086 qui
1797 2036 1862 2075 fo-

262 2101 317 2141 lia
353 2110 394 2140 et
432 2101 556 2141 flores
593 2115 614 2141 e
650 2103 832 2156 gemmis
871 2101 1121 2155 proferunt,
1157 2100 1282 2140 etiam
1320 2100 1550 2153 craffiores,
1588 2099 1756 2153 breues,
1790 2113 1861 2141 ru-

263 2164 368 2218 goso
388 2187 408 2195 -
429 2166 628 2218 annulati,
666 2166 948 2221 patentiffimi.

457 2260 574 2302 Folia
611 2275 664 2304 ex
699 2263 891 2316 apicibus
928 2261 1190 2303 ramulorum
1229 2262 1498 2313 fasciculam,
1551 2255 1865 2315 pedunculata‚'

266 2324 670 2382 ovato-oblonga,
707 2326 881 2381 obtusa,
919 2327 1217 2383 integerrima,
1253 2326 1412 2379 subtus,
1449 2326 1702 2381 petioloque
1738 2323 1862 2365 crassa

1762 2388 1856 2429 lana
