2007 2702
687 204 839 218 --·-
874 182 1029 240 (24⁵)
1066 186 1217 229 -—=·---³

332 303 493 348 Vtrum
530 303 743 345 eiusmodi
782 304 943 357 lingua,
980 304 1032 344 de
1071 317 1148 356 qua
1188 302 1333 357 paul'o
1370 314 1462 347 ante
1491 307 1628 349 sermo
1655 309 1753 363 fuit,

136 370 384 429 perfectiori
421 383 462 411 et
498 381 690 410 accurata
726 368 836 419 satis,
883 370 923 407 in
963 369 1078 422 expli
1111 370 1228 409 andis
1268 369 1393 408 rebus
1432 372 1634 416 chemicis
1673 375 1756 416 iam

138 435 434 492 gaudeamus?
471 449 519 476 an
556 435 584 474 fi
622 435 780 484 minus,
821 434 965 487 lingua
1001 446 1065 485 ea,
1106 447 1186 487 qua
1223 434 1305 475 iam
1343 434 1757 487 vtimtii·,imnmt;1ri

139 501 324 544 debeat?
361 512 404 542 et
442 512 649 554 quaenam
688 499 948 552 potiffimum
985 499 1064 539 sint
1098 509 1344 555 praecepta,
1381 513 1490 555 quae
1526 501 1569 541 in
1606 506 1756 547 eadem

138 567 402 609 immutanda
439 565 556 618 sequi
593 563 796 619 poffimus
832 565 902 606 vel
941 563 1208 606 debeamus?

335 662 501 720 Quodsi
538 676 643 703 vero
679 662 840 716 linguae
875 661 1074 703 chemicae
1109 676 1219 704 voce
1256 661 1404 715 fruor,
1443 676 1512 704 me
1549 676 1637 705 non
1674 673 1761 707 tam

137 729 348 784 loquendi
387 729 593 769 formulas
633 737 760 780 atque
799 729 1039 781 terminos,
1079 741 1187 782 quos
1223 738 1384 770 vocant
1419 730 1674 782 technicos.,
1709 731 1763 772 ad

137 795 353 851 pristinam
391 795 585 835 chemiae
624 794 809 834 formam
845 794 1224 846 adcommodat05‚
1261 794 1416 848 quibus
1449 794 1506 834 vfi
1529 795 1623 835 sunt
1643 809 1765 849 prae-

139 860 423 915 ter-lapsorum
461 859 746 911 saeculorum,
780 859 851 899 vel
887 859 1082 913 priorum
1120 859 1229 900 adeo
1266 859 1393 899 huius
1432 858 1583 900 saeculi
1607 860 1765 902 decen-

139 927 314 967 niorum
350 925 553 976 chemici‚
591 924 661 965 sed
698 925 842 979 potius
878 923 1089 979 loquendi
1126 937 1314 975 morem,
1343 937 1398 965 ex
1417 925 1763 979 inuentionibus‚

141 991 482 1033 correctionibus
521 999 648 1044 atque
684 990 809 1031 huius
847 990 944 1030 artis
981 989 1385 1042 emendationibus,
1434 1003 1536 1044 quas
1572 990 1675 1032 viris
1712 991 1764 1032 il-

140 1057 360 1108 lustribus,
397 1054 675 1109 Marggrafim
712 1054 927 1107 Prouelllo7
966 1054 1218 1108 Macquerio,
1256 1053 1455 1106 Scheelm,
1489 1053 1764 1109 Bergmanm,

142 1132 262 1176 cet..,
299 1131 492 1176 acceptas
532 1120 757 1162 referimus
793 1120 1045 1174 oriundum,
1082 1129 1125 1160 et
1161 1121 1390 1174 praecipue
1428 1120 1478 1161 ab
1517 1134 1588 1173 eo,
1631 1134 1763 1175 quem

140 1187 297 1228 vltimo
333 1187 436 1227 loco
474 1186 704 1238 nominari,
741 1186 872 1228 semel
908 1187 1019 1241 quasi
1056 1184 1278 1236 sancitum,
1318 1194 1360 1225 et
1395 1199 1416 1226 a
1454 1186 1669 1239 discipulis
1700 1195 1763 1228 at-

143 1265 226 1304 que
265 1251 504 1292 cultoribus
543 1252 633 1291 eius
669 1252 712 1291 in
751 1251 915 1305 scriptis
951 1251 1229 1304 adhibitum,
1272 1249 1457 1305 intelligi
1492 1250 1640 1304 velle,
1687 1252 1763 1294 vix

140 1315 214 1371 est,
254 1315 372 1371 quod
410 1327 665 1355 moneamus
702 1315 901 1356 lec‘tores.

333 1412 583 1466 Antequam
618 1427 724 1455 vero
761 1414 812 1455 ad
849 1422 1151 1468 argumentum
1187 1413 1324 1469 ipsum
1362 1415 1614 1456 accedamus
1653 1422 1762 1456 trac-

138 1477 344 1531 tandum,
382 1479 589 1519 monendi
626 1480 734 1520 mihi
769 1479 972 1520 videntur
1006 1480 1176 1532 linguae
1213 1480 1543 1532 emendatores,
1580 1488 1626 1519 vt
1661 1489 1757 1522 ante

140 1543 336 1584 eiusdem
381 1543 730 1585 immutationem
777 1545 946 1598 penitus
992 1545 1231 1598 inquirant3
1289 1544 1550 1598 superentrie
1599 1545 1758 1585 frustus

143 1618 198 1646 ex
233 1609 381 1650 eadem
416 1610 692 1650 redundaturi
717 1639 730 1661 7
766 1609 1048 1651 incommoda
1084 1610 1277 1650 indidem
1316 1610 1520 1661 oriunda,
1558 1623 1636 1650 nec
1672 1608 1760 1651 ne?

142 1668 217 1710 Ad
274 1685 378 1725 quae
435 1675 610 1729 quidem
655 1675 935 1716 incommoda
985 1676 1214 1729 praecipue
1250 1675 1437 1729 pertinet
1472 1675 1581 1716 hoc:
1638 1675 1760 1716 Fatsta

144 1734 315 1788 linguae
351 1738 422 1790 (et
457 1740 720 1793 feliciffima)
759 1742 1125 1793 commutatione,
1176 1753 1310 1781 vnum
1356 1754 1600 1794 quemque,
1637 1740 1759 1781 cuius

143 1799 250 1840 haec
287 1813 353 1841 res
389 1802 570 1857 interest,
607 1806 689 1847 iam
729 1819 839 1846 nunc
877 1816 1098 1859 oportere,
1134 1815 1181 1846 vt
1217 1815 1308 1846 tum
1345 1806 1594 1860 pristinum,
1632 1818 1760 1859 quam

145 1865 435 1907 recentiorum
472 1869 681 1924 loquendi
719 1884 885 1911 morem
923 1872 1147 1925 cognitum
1185 1871 1257 1912 fibi
1295 1872 1471 1912 reddat:
1525 1871 1677 1923 illum⁷
1712 1880 1760 1911 vt

145 1939 341 1971 veterum
379 1932 556 1987 scriptis,
591 1937 641 1977 ad
679 1937 898 1990 pristinum
937 1937 1057 1977 illum
1096 1936 1305 1990 loquendi
1342 1950 1511 1978 morem
1548 1937 1599 1977 ad
1635 1950 1758 1978 com-

145 1996 357 2047 modatis,
394 1996 531 2049 iisque
568 2002 743 2042 minime
780 2002 1026 2056 spernendis
1066 2002 1153 2054 vti,
1191 2001 1505 2056 sententiasque
1541 2003 1649 2054 suas,
1685 2001 1759 2043 vbi

145 2074 259 2101 noua
308 2060 379 2100 illa
414 2062 558 2116 lingua
594 2067 786 2108 nondum
824 2067 986 2122 vbique
1024 2077 1192 2121 recepta
1230 2068 1319 2120 est,
1372 2081 1471 2108 cum
1507 2067 1599 2108 aliis
1636 2080 1761 2108 com-

146 2126 363 2166 municare
400 2128 544 2179 posim
582 2129 694 2171 hunc
730 2145 853 2184 vero,
890 2142 937 2174 vt
974 2133 1067 2173 data
1103 2133 1228 2173 nouis
1265 2134 1458 2174 terminis
1493 2133 1642 2181 vtendi
1679 2146 1759 2187 op-

144 2191 424 2245 portunitate,
461 2192 641 2233 aliorum
679 2207 864 2238 mentem
902 2199 1013 2239 reae
1050 2196 1278 2251 intelligat,
1316 2198 1535 2252 propriam
1566 2207 1659 2252 apte
1683 2211 1762 2238 ex-

143 2256 292 2310 plicet.
365 2256 480 2311 Quid
519 2257 649 2299 inde?
693 2274 829 2302 nouae
870 2263 1044 2316 quidem
1084 2275 1225 2302 rerum
1265 2263 1637 2304 denominationes
1675 2262 1758 2313 <li-

145 2334 213 2363 cet
247 2321 636 2378 praestantiffimae,
669 2325 848 2379 pristinis
887 2328 1018 2382 longe
1057 2328 1291 2383 meliores,
1327 2328 1547 2383 clarioreS,
1586 2327 1757 2369 breuio-

921 2393 1016 2435 Hh
1052 2406 1077 2443 3
1665 2402 1753 2444 τεῦ,
