2007 2702
776 231 923 257 ===
960 212 1113 267 (344)

438 327 693 371 fec‘tiffimam
729 327 1067 381 pelluciditatem
1103 339 1189 368 nou
1224 326 1298 367 nisi
1334 334 1447 368 certa
1482 325 1598 367 oculi
1622 327 1829 381 positione

439 393 605 450 percipi
644 402 810 446 queant.

343 504 385 560 ε)
422 502 466 547 Si
501 501 659 543 vitrum
698 499 1054 555 quatrangulare,
1108 508 1231 541 aceto
1267 498 1433 554 glaciali
1470 498 1739 550 crystallisato
1774 500 1838 542 se-

436 567 711 621 miplenum,
763 567 818 606 ita
854 566 905 605 ad
941 565 1188 618 hypocausti
1226 565 1442 606 fenestram
1481 564 1750 617 collocatur,
1791 575 1837 606 vt

439 634 571 674 latere
607 642 694 669 vno
731 628 952 668 fenestram
988 630 1233 669 immediate
1279 629 1486 681 attingat,
1525 638 1613 668 tum
1651 640 1836 682 acetum,

442 708 523 751 pro
561 693 679 733 vario
717 692 826 732 inter
863 702 1078 733 externam
1115 703 1157 733 et
1191 693 1398 733 internam
1453 696 1701 746 temperiem
1755 694 1837 735 dis-

441 757 639 807 crimine,
677 756 786 797 inter
827 769 909 807 145
952 767 995 796 et
1034 770 1120 804 130
1159 758 1311 811 gradus
1350 756 1501 797 caloris
1540 771 1649 798 nunc
1671 771 1723 798 ex
1744 772 1839 812 par-

440 832 482 863 te
520 821 734 874 liquescit,
771 834 881 861 nunc
920 820 1061 861 denuo
1101 822 1373 875 coagulatur,
1407 822 1538 874 idque
1575 835 1621 862 ea
1657 826 1838 875 ratione,

437 897 485 928 vt
521 886 563 925 in
600 886 687 937 illa,
724 884 945 926 fenestram
982 898 1089 939 quae
1126 886 1317 939 attingit,
1353 886 1449 926 vitri
1488 896 1602 939 parte
1639 887 1840 939 coagula-

439 961 532 991 tum
569 949 735 1004 semper
770 961 962 999 acetum,
1008 950 1049 989 in
1086 950 1225 991 auersa
1262 963 1364 991 vero
1401 951 1450 990 ad
1489 950 1667 990 fundum
1704 963 1838 1002 vsque

434 1016 650 1069 liquidum
689 1024 868 1054 maneat.
926 1013 1082 1067 Sicque
1117 1029 1209 1068 pars
1247 1015 1426 1068 liquida,
1463 1015 1503 1054 in
1541 1025 1702 1067 partem
1739 1015 1839 1055 vitri

438 1079 641 1120 fenestrae
679 1080 924 1132 contiguam
961 1092 1140 1131 eamque
1179 1080 1462 1133 frigidiorem,
1501 1079 1643 1118 sensim
1672 1079 1841 1118 senfim-

444 1156 526 1197 que
564 1144 604 1184 in
643 1144 774 1184 altum
812 1141 1018 1193 ascendit,
1054 1144 1302 1197 ibidemque
1340 1144 1587 1196 coagulatur
1621 1153 1688 1193 et,
1724 1144 1840 1197 elap-

441 1208 486 1249 so
524 1208 689 1259 aliquot
726 1207 1045 1248 hebdomadum
1082 1208 1341 1260 interuallo,
1395 1208 1567 1248 alteram
1622 1208 1841 1248 dimidiam

441 1271 691 1312 calidiorem
729 1272 823 1310 vitri
862 1282 1024 1323 partem
1061 1273 1109 1312 ad
1150 1272 1326 1313 fundum
1363 1285 1497 1324 Vsque
1525 1285 1696 1312 vacuam
1720 1286 1841 1325 pror-

441 1334 507 1375 sus
545 1344 586 1374 et
621 1334 769 1374 siccam
807 1334 1011 1386 relinquit
1046 1336 1126 1384 ita,
1164 1347 1208 1375 vt
1243 1336 1284 1374 id
1322 1336 1416 1373 vitri
1456 1336 1586 1383 latus,
1624 1336 1691 1374 cui
1729 1349 1840 1376 nunc

444 1399 586 1439 omnis
624 1398 729 1438 aceti
766 1396 887 1437 massa
924 1396 1238 1450 semipellucida
1277 1398 1383 1437 muri
1422 1400 1470 1436 ad
1504 1398 1623 1455 instar
1659 1400 1840 1453 adiacet,

443 1472 540 1503 ante
578 1461 964 1513 crystallis-ationem
1003 1461 1182 1501 fundum
1218 1462 1314 1501 vitri
1353 1461 1468 1501 fuisse
1506 1461 1683 1501 diceres.

351 1572 400 1626 d>
436 1569 701 1613 vehementi
740 1568 897 1622 frigore
936 1568 1107 1609 hiemali
1147 1582 1200 1609 cx
1236 1567 1498 1621 hypocausto
1552 1567 1690 1607 calido
1747 1580 1842 1608 ace·

447 1646 537 1675 tum
575 1634 784 1687 liquidum
839 1633 922 1673 a'e'ri
969 1634 1104 1672 libero
1162 1634 1201 1672 in
1239 1634 1350 1672 vitro
1388 1630 1526 1671 clauso
1562 1631 1801 1683 expositum
1824 1662 1838 1683 ,

447 1712 524 1753 per
560 1699 725 1751 aliquot
762 1709 927 1750 tempus
965 1698 1211 1749 liquiditatis
1249 1697 1401 1737 statum
1432 1693 1684 1746 conseruat,
1738 1708 1842 1737 mox

447 1777 524 1817 per
560 1775 733 1802 omnem
773 1763 937 1802 massam
992 1761 1104 1802 suam
1157 1762 1197 1802 in
1236 1758 1476 1801 albissimam
1533 1758 1642 1812 quasi
1697 1760 1842 1800 niuem

449 1837 674 1868 momento
711 1825 921 1867 coalescit.

355 1936 394 1991 e)
431 1937 494 1979 Vt
529 1946 668 1978 autem
707 1945 872 1976 acetum
910 1934 1084 1987 glaciale
1130 1932 1212 1972 leni
1267 1941 1308 1972 et
1343 1932 1523 1985 regulari
1578 1929 1744 1971 transitu
1798 1930 1840 1969 in

451 2001 666 2051 crystallos
705 1999 978 2049 concrescat,
1016 1999 1173 2037 necesie
1210 1997 1298 2047 est,
1334 2007 1379 2036 vt
1413 2006 1580 2036 acetum
1618 1996 1700 2034 hoc
1737 1995 1842 2034 iam-

451 2066 534 2104 iam
572 2065 842 2117 coagulatum
880 2074 1079 2102 manuum
1116 2063 1255 2102 <aiore
1292 2075 1338 2101 ea
1374 2060 1568 2101 cautione
1606 2058 1841 2111 liquescat,

449 2137 497 2167 vt
531 2128 802 2180 portiuncula
846 2126 968 2179 ipsius
1023 2125 1132 2165 haud
1186 2138 1333 2178 magna
1387 2137 1472 2164 non
1526 2123 1748 2176 liquefach
1799 2122 1842 2162 in

455 2191 590 2232 fundo
625 2191 917 2244 relinquatur5
963 2202 1050 2242 quo
1087 2188 1228 2240 facto,
1265 2190 1383 2230 massa
1421 2189 1525 2229 haec
1561 2190 1601 2228 in
1640 2186 1740 2227 loco
1776 2188 1841 2226 iu-

453 2255 550 2305 sto,
605 2255 893 2306 coagulationi
930 2264 1020 2306 apta
1058 2255 1260 2307 temperie
1299 2253 1508 2306 gaudente
1531 2281 1545 2303 ,
1598 2251 1841 2300 collocata,

453 2317 575 2359 breui
610 2328 806 2373 tempore
841 2318 962 2373 supra
1005 2318 1133 2359 dietae
1187 2318 1244 2372 (ᾗ.
1285 2330 1357 2369 25.
1393 2316 1439 2372 b)
1494 2313 1841 2369 crystallisationis

1732 2375 1842 2432 quasi
