2007 2702
706 203 858 219 ·--
893 185 1048 245 (285)
1082 201 1235 215 ¹—-

152 306 386 350 seruantur.
451 302 648 358 Verum,
680 304 743 346 vti
777 305 934 359 adepS,
970 310 1111 344 tamen
1147 302 1190 343 in
1226 302 1461 346 moleculas
1497 305 1566 348 seu
1603 306 1767 361 glebaS,

154 385 312 427 easque
349 372 604 425 compressas
641 369 757 424 (a),
792 367 984 411 vniuersa
1019 368 1245 410 stratorum
1282 367 1498 412 substantia
1533 373 1662 414 diuisa
1683 372 1756 425 est,

155 448 199 479 et
233 437 409 492 granula
447 437 641 490 quamuis
686 435 846 476 rariora
881 435 924 475 in
962 446 1137 487 aggeres
1175 443 1318 475 tamen
1356 434 1536 476 omnino
1574 438 1769 492 congesta

153 512 196 544 et
240 510 503 556 congregata¹
542 499 837 541 inueniuntur.
925 498 1137 553 Superant
1181 498 1444 540 rotunditate
1491 512 1616 553 grana
1657 503 1767 544 strati

151 567 368 609 inferioris
414 578 494 616 ea,
549 577 656 617 quae
699 564 743 606 in
788 565 998 620 superiori
1036 564 1326 606 continentur.
1415 563 1460 605 Si
1497 564 1567 605 fila
1603 578 1657 606 ex
1691 568 1768 609 illo

153 633 382 683 ducuntur,
419 629 593 683 granula
631 631 671 669 in
708 630 806 684 ipsis
846 630 929 670 filis
967 629 1192 682 constant,
1230 639 1272 670 et
1307 629 1377 670 fila
1413 628 1533 684 saepe
1570 631 1771 684 inaequa-

149 697 204 738 lia
240 696 328 738 illis,
362 703 405 735 et
442 695 706 735 moleculosa
741 695 930 735 euadunt
966 693 1079 747 (b).
1167 692 1464 736 Constantiora
1499 709 1604 749 ergo
1642 709 1770 749 grana

147 760 257 801 strati
302 759 520 800 inferioris
566 773 612 800 ac
656 759 846 800 firmiora
883 761 963 800 effe
1000 760 1215 801 videntur.
1304 759 1435 811 Imo,
1488 762 1548 800 vti
1587 760 1680 801 alba
1716 760 1773 801 est

147 824 370 866 substantia
407 825 518 866 strati
556 824 820 879 superioris,
858 824 991 864 veluti
1030 827 1157 876 cutis,
1194 833 1238 865 et
1272 825 1513 878 pellucida3
1561 825 1669 866 strati
1707 825 1772 865 in-

148 888 319 932 ferioris
369 891 545 944 granula
591 891 749 943 pariter
794 899 923 942 atque
972 888 1166 930 vniuersa
1202 888 1422 930 substantia
1459 891 1501 929 in
1538 890 1773 931 flauescen-

148 964 236 996 tem
275 957 469 996 colorem
508 964 706 1008 vergunt.
776 954 856 994 His
896 953 1099 994 omnibus
1136 954 1304 994 indiciis
1343 954 1554 1006 inducor,
1600 964 1645 995 vt
1681 968 1773 996 cre-

149 1020 280 1072 dam,
333 1021 380 1061 ad
421 1020 555 1073 adipis
595 1030 787 1061 naturam
825 1019 1031 1060 accedere
1069 1018 1335 1060 substantiam
1373 1020 1498 1061 huius
1537 1019 1679 1072 strati,
1726 1020 1771 1061 in

147 1098 330 1139 eamque
369 1084 481 1136 quasi
519 1085 704 1126 transire.
775 1084 908 1139 Quod
947 1084 973 1124 si
1011 1097 1160 1124 verum
1198 1084 1272 1135 est,
1309 1084 1478 1125 nullum
1510 1085 1688 1125 dubium
1715 1085 1771 1126 est

148 1162 324 1203 quoque
348 1179 360 1198 ,
420 1149 522 1202 quin
569 1160 612 1189 et
659 1162 764 1204 quae
809 1162 936 1202 grana
980 1148 1022 1188 in
1058 1161 1106 1189 ea
1142 1149 1222 1189 effe
1260 1149 1460 1191 videntur
1495 1149 1770 1192 flauescentia

147 1226 274 1255 verae
310 1213 388 1254 fint
424 1213 647 1267 vesiculae,
686 1227 771 1254 non
811 1214 983 1267 adipem
1022 1213 1199 1267 quidem
1236 1226 1430 1266 merum,
1466 1224 1508 1255 at
1542 1215 1769 1269 mucilagi-

147 1279 299 1318 nosum
341 1279 442 1333 quid
481 1290 640 1329 tamen,
677 1278 830 1319 oleosis
871 1278 940 1318 vel
976 1278 1156 1331 adipofis
1194 1279 1411 1331 particulis
1436 1280 1637 1333 mixtum,
1661 1293 1771 1321 con·

146 1343 346 1383 tinentes.
433 1343 580 1396 Atque
619 1343 673 1384 fic
711 1342 821 1384 strati
859 1356 1034 1397 quoque
1071 1343 1298 1384 exterioris
1336 1357 1499 1398 grana,
1552 1357 1660 1398 quae
1695 1358 1772 1400 pa-

144 1421 239 1448 rum
278 1408 329 1449 ab
366 1408 449 1449 illis
489 1408 727 1461 differunt,
768 1409 905 1449 modo
942 1418 988 1449 vt
1024 1408 1163 1449 minus
1202 1409 1244 1448 in
1281 1408 1440 1450 flavum
1475 1419 1688 1463 vergant,
1724 1419 1768 1451 et

145 1472 230 1527 ipsa
267 1473 454 1528 denique
493 1473 601 1514 cutis
638 1473 813 1527 granula
848 1473 1058 1514 vesiculae
1096 1482 1236 1525 erunt,
1273 1472 1431 1514 lentam
1468 1471 1655 1527 aliquam
1677 1487 1768 1516 ma-

147 1539 296 1579 teriam
344 1538 632 1579 continentes.
720 1538 788 1580 Sic
834 1537 875 1577 in
919 1538 1091 1591 adipem
1126 1538 1308 1591 potius,
1361 1547 1433 1579 aut
1467 1537 1510 1578 in
1546 1538 1764 1593 adiposam

149 1602 430 1655 substantiam,
468 1616 594 1657 quam
630 1604 671 1643 in
711 1601 957 1644 cellulosam
997 1614 1293 1654 communem,
1328 1611 1375 1644 vt
1410 1602 1546 1658 vulgo
1573 1614 1764 1660 putatur,

151 1666 276 1719 cutis,
313 1667 442 1724 idque
480 1669 705 1723 gradatim,
745 1681 832 1710 non
870 1666 1018 1708 sensim
1054 1667 1314 1724 sensimque,
1349 1668 1450 1709 abit.

343 1795 490 1850 Adeps
527 1799 664 1853 glebis
702 1799 878 1851 constat,
917 1798 976 1840 vti
1015 1808 1167 1840 notum
1207 1798 1382 1853 quidem
1418 1797 1505 1850 est,
1544 1798 1631 1840 fere
1667 1798 1765 1841 sub-

148 1860 371 1913 rotundis,
415 1861 599 1905 discretis
637 1865 983 1919 rarioribusque,
1018 1864 1212 1906 veficulis
1250 1863 1442 1905 solitariis
1480 1864 1763 1918 interspersis,

148 1925 221 1967 vbi
258 1926 427 1980 parcior
461 1927 516 1968 est
551 1929 658 1981 (c);
695 1931 767 1971 vbi
806 1930 1039 1985 copiosior,
1075 1930 1289 1984 contiguis
1326 1938 1369 1970 et
1403 1930 1511 1970 arc‘te
1540 1942 1764 1984 compres-

148 1990 199 2031 fis
236 1991 360 2045 (d);
416 2000 461 2033 vt
503 1992 624 2035 lineis
671 2006 835 2038 tantum
873 1995 1232 2050 obscurioribus,
1283 1994 1398 2036 varie
1434 1996 1545 2036 inter
1578 1994 1762 2050 singulas

230 2060 235 2063 ’
929 2061 970 2103 Ν
995 2075 1020 2102 n
1059 2073 1081 2110 3
1671 2060 1763 2115 gle-

250 2207 316 2254 (a)
369 2204 430 2255 fig.
459 2219 490 2244 2.
517 2221 566 2245 m.

252 2267 317 2313 (b)
371 2263 432 2315 fig.
459 2278 488 2314 3.
516 2267 536 2303 l.

253 2332 316 2376 (c)
369 2326 429 2377 fig.
458 2342 481 2365 1.
517 2341 546 2365 e.
576 2341 607 2366 e.

249 2389 322 2440 (d,>
373 2388 434 2440 fig.
459 2403 490 2427 2.
519 2403 549 2427 e.
577 2403 608 2427 e.
