2007 2702
711 207 862 232 ,·———-‚„
898 185 1054 243 (291)
1089 202 1242 228 Ξ

853 297 978 349 Tab.
1021 299 1106 350 VI.

421 364 675 423 Epidermis‚
710 370 836 422 cutis,
860 366 1087 423 fitbstamia
1109 367 1374 425 subcutanea,
1410 371 1545 426 adepff.

898 427 1001 493 Fig.
1040 443 1075 478 Ι.

368 499 519 542 Por-tio
554 495 802 551 cellulosae,
839 512 923 553 qua
960 499 1146 540 musculi
1183 512 1283 540 cum
1320 500 1463 555 adipe,
1499 501 1592 555 ipfis
1624 503 1790 544 incum-

176 567 321 619 bente,
357 565 604 616 cohaerent,
641 563 778 617 glebis
816 564 961 618 paffim
997 565 1153 620 adipis,
1191 565 1475 620 veficulisque
1511 567 1690 620 adipofis
1723 570 1789 608 so-

173 633 337 684 lit-ariis,
358 629 590 685 praeditae,
628 629 858 670 maximam
896 638 1061 683 partem
1099 640 1241 671 tamen
1279 644 1436 672 vacuae
1473 632 1624 685 adipis,
1652 641 1693 672 et
1714 645 1792 684 pu-

172 712 260 747 rae⁷
299 694 605 747 microscopi0‚
625 693 800 748 speculo
836 694 1054 746 instruero,
1075 695 1294 749 pellucida
1328 695 1431 749 visa,
1467 696 1689 738 hincinde
1717 709 1794 737 ex-

172 761 311 814 tensa,
347 774 403 803 ex
440 761 625 802 humero
653 758 852 811 ,hominis
888 761 1125 801 macilenti.

169 872 211 902 a.
247 872 288 899 a.
324 871 365 899 α.
435 855 653 899 Cellulosa
690 856 934 909 substantia,
969 857 1041 898 vbi
1078 870 1200 911 pura,
1237 856 1436 911 simplex,
1473 859 1694 912 continua,
1731 857 1794 899 se-

367 922 560 964 mifluida
595 932 638 963 et
673 922 979 974 tenaciuscnla‚
1017 922 1197 973 crystalli
1234 923 1356 963 instar
1392 924 1621 977 pellucida.

169 985 210 1029 b.
246 986 287 1028 b.
322 985 361 1027 b.
429 986 478 1027 In
522 987 588 1028 his
633 986 824 1040 partibus
872 988 1122 1029 continuam
1169 987 1452 1029 semifluidam
1498 999 1541 1030 et
1577 988 1794 1030 tenacius-

365 1052 507 1093 culam
543 1042 810 1093 substantiam
847 1053 887 1093 in
926 1053 995 1094 fila
1030 1053 1212 1094 extraxi.

169 1129 205 1160 c.
239 1131 274 1159 c.
310 1131 346 1159 c.
416 1117 495 1158 Vti
530 1130 587 1157 ex
621 1116 704 1157 filis
740 1118 825 1158 illis
863 1118 943 1159 alia
981 1118 1175 1159 tenuiora
1210 1131 1345 1174 porro
1374 1117 1542 1161 extrahi
1568 1118 1691 1161 facile
1711 1131 1793 1174 po·

360 1190 514 1234 terant,
554 1191 601 1222 vt
635 1182 864 1224 ramificata
899 1182 970 1224 fila
1006 1183 1173 1224 fierent.

169 1243 212 1286 d.
279 1245 379 1288 Pars
429 1247 556 1288 huius
603 1247 832 1289 cellulosae
876 1248 1035 1289 acubus
1085 1247 1249 1289 duabus
1292 1248 1408 1289 varie
1445 1247 1520 1290 sub
1557 1247 1794 1290 microsco·

362 1312 438 1366 pio
474 1311 680 1364 extensa,
729 1325 816 1366 quo
851 1312 922 1353 fila
958 1326 1045 1353 non
1083 1314 1220 1353 modo
1255 1313 1487 1354 ramificata
1523 1313 1636 1354 varia
1659 1343 1673 1367 ‚
1723 1314 1796 1355 sed

362 1375 598 1418 reticulatis
653 1377 736 1419 tela
788 1377 919 1419 mirae
977 1378 1196 1419 tenuitatis
1244 1388 1286 1419 et
1331 1379 1606 1432 elegantiae,
1663 1391 1792 1434 quam

362 1441 524 1495 pletura
558 1441 715 1483 imitari
752 1456 839 1484 non
877 1444 1039 1497 posses,
1075 1442 1354 1484 efficiebatur.

168 1515 203 1546 e.
238 1516 273 1546 e.
343 1504 509 1548 Glebae
555 1507 691 1556 adipis
735 1509 937 1559 rariores,
976 1520 1052 1561 per
1089 1508 1197 1549 hanc
1235 1506 1464 1549 cellulosae
1501 1506 1687 1561 speciem
1725 1505 1793 1548 di-

361 1571 546 1625 spersae3
590 1585 767 1626 aggeres
806 1572 967 1613 scilicet
1001 1572 1281 1614 vesicularum
1319 1582 1362 1613 et
1396 1572 1607 1615 solitariae
1642 1571 1790 1627 paffim

361 1636 585 1688 vestustae,
627 1637 762 1680 fluido
800 1638 923 1691 adipe
958 1638 1164 1692 repletae.

163 1692 203 1752 s.
229 1694 268 1752 f.
334 1699 483 1743 Bullae
519 1715 689 1755 aereae,
734 1703 966 1756 agitatione
1005 1702 1236 1744 cellulosae
1273 1703 1456 1745 fortuito
1492 1710 1628 1745 ortae.
1696 1700 1789 1744 Has

368 1777 444 1805 acu
478 1766 651 1808 horsum
689 1768 881 1810 istorsum
918 1781 999 1822 pro
1036 1767 1176 1809 lubitu
1212 1768 1375 1823 pepuli.
1443 1768 1644 1810 Poteram
1672 1779 1791 1822 pres-

367 1827 482 1870 fione
518 1844 643 1874 vnam
679 1834 722 1874 in
761 1833 863 1875 duas
901 1834 1091 1874 minores
1132 1846 1309 1888 quoque
1346 1834 1576 1889 diuidere,
1628 1844 1789 1889 easque

368 1896 673 1949 compellendo
707 1900 752 1941 in
785 1911 913 1941 vnam
950 1899 1090 1941 rursus
1130 1899 1411 1954 coniungere.

890 1989 946 2041 Fi
987 2027 996 2036 .
1033 2006 1074 2042 2.

367 2052 632 2110 Epiderm18.,
668 2061 795 2114 cutis,
831 2006 1079 2104 substfiitiae
1115 2059 1397 2104 subcutaneae
1421 2069 1465 2104 et
1484 2061 1620 2116 adipis
1640 2058 1787 2113 sectio,

172 2125 379 2172 quantum
415 2119 508 2161 fieri
543 2124 720 2175 potuit,
764 2128 903 2170 tenuis
925 2158 939 2181 ‚
983 2127 1275 2184 microscopio
1319 2128 1405 2169 fine
1441 2128 1616 2183 speculo
1653 2128 1789 2181 opac'a

171 2182 270 2224 visa.
338 2183 410 2226 Ex
443 2185 620 2228 brachio
656 2189 844 2234 hominis
887 2193 1097 2234 eiusdem.

172 2260 212 2289 a.
249 2261 290 2290 α.
359 2249 622 2304 Epidermis.
690 2254 795 2298 Eius
831 2256 994 2299 scilicet
1028 2257 1190 2314 sedtio,
1236 2257 1367 2301 altera
1400 2256 1674 2301 extremitate
1710 2254 1786 2297 ali-

368 2324 576 2372 quantum
611 2329 634 2360 a
668 2330 764 2363 cute
801 2322 1024 2380 separatae.

926 2385 968 2429 O
992 2400 1021 2430 0
1059 2398 1085 2426 2
1675 2380 1716 2423 b·
1739 2377 1783 2423 b·
