2007 2702
678 219 829 234 ——-
863 200 1017 257 (337)
1052 221 1203 244 ²-

126 317 218 359 fimi
254 316 487 369 transeunt,
526 315 701 358 subflaui
739 317 914 371 quidem
935 316 1114 372 coloris,
1153 314 1274 359 nullo
1294 326 1476 363 attamen
1496 318 1736 379 'empyreu—

126 393 238 424 mate
277 383 569 424 contaminati.

324 514 359 568 ᾗ.
403 516 473 553 16.
544 511 773 554 Eiusmodi
821 511 928 553 aceti
980 510 1038 565 (ξ.
1084 512 1188 567 15),
1245 513 1360 567 quod
1397 514 1734 562 Westendorfia·

127 593 230 621 num
269 577 631 621 concentrationis
671 577 802 631 gradu
838 576 969 630 longe
1006 576 1252 632 superabat,
1294 591 1348 617 10
1387 579 1555 621 circiter
1590 586 1732 625 vncias

129 645 197 686 die
236 656 258 693 5
299 642 556 684 Decembris
594 643 692 684 anni
735 651 853 693 1758
894 641 1041 693 frigori
1085 655 1168 692 193
1210 643 1419 695 graduum
1457 658 1510 686 eo
1549 645 1632 686 fine
1663 661 1738 688 ex-

128 709 268 764 posui,
304 717 350 747 vt
385 707 598 760 viderem,
636 707 813 762 poffitne
851 706 1009 759 postea„
1047 707 1218 760 frigoris
1256 707 1485 749 artificialis
1524 723 1636 764 ope,
1673 712 1739 751 in-

128 773 245 813 tendi
280 771 420 813 adhuc
459 774 550 812 eius
590 772 901 823 concentratio.
948 771 1008 812 At
1045 772 1331 825 praeterlapso
1371 772 1458 814 fere
1496 776 1618 816 vnius
1655 776 1740 817 ho-

125 850 195 878 rae
232 837 392 890 spatio,
439 847 608 878 acetum
645 837 731 877 hoc
768 836 947 876 naturali
986 834 1145 889 frigore
1183 836 1459 891 congelatum
1499 840 1741 893 deprehen-

127 903 201 943 di:
260 901 375 955 quod
422 901 650 954 inopinum
699 899 871 955 prorsus
919 900 1260 953 phoenomenon
1298 914 1352 941 eo
1389 903 1523 957 magis
1563 905 1738 945 miratus

126 966 236 1018 snm,
273 979 369 1006 cum
395 966 563 1018 scirem,
601 966 715 1007 aliud
755 967 838 1006 hoc
875 964 1006 1018 longe
1045 965 1228 1005 debilius
1267 975 1437 1008 acetum
1477 968 1628 1022 frigori
1664 982 1738 1010 na-

127 1032 251 1072 turali
289 1029 360 1071 vel
395 1031 768 1073 vehementissimo
805 1030 1050 1085 expositum
1098 1030 1393 1085 congelationi
1444 1033 1617 1089 prorsus
1670 1046 1740 1076 re-

122 1095 274 1138 sistere.

321 1224 358 1278 ᾗ.
401 1237 473 1277 17.
544 1223 736 1267 Glaciem
776 1226 890 1267 istam
929 1227 1044 1280 (talis
1082 1229 1197 1270 enim
1234 1228 1341 1270 mihi
1377 1229 1502 1284 plane
1535 1229 1619 1273 visa
1639 1231 1735 1286 est),

126 1288 362 1344 pestorani,
397 1289 576 1343 perinde
613 1303 658 1330 116
696 1303 863 1331 acetum
902 1293 1176 1346 congelatum
1216 1295 1391 1334 tratstare
1430 1294 1566 1347 soleo,
1602 1306 1735 1349 vtque

124 1354 342 1407 liquorem
380 1355 492 1394 inter
528 1354 618 1394 eius
655 1355 870 1396 interstitia
908 1357 1168 1411 superstitem
1192 1357 1448 1411 separarem,
1485 1360 1641 1400 vitrum
1664 1361 1737 1401 alii

125 1419 240 1459 vitro
293 1417 511 1460 inuersum
563 1417 906 1474 superimposui‚
971 1421 1210 1476 frigorique
1265 1423 1507 1476 expositum
1563 1425 1735 1478 reliqui.

125 1481 283 1536 Elapso
325 1494 346 1532 5
389 1484 556 1523 dierum
592 1484 839 1536 interuallo,
877 1502 906 1535 4
941 1486 1111 1527 circiter
1149 1487 1256 1526 116611
1291 1488 1439 1527 ν1161;16
1463 1489 1662 1540 guttatim
1691 1489 1736 1530 in

126 1547 388 1601 suppositum
425 1547 582 1588 vitrum
623 1548 919 1597 1161111116111111,ι
957 1561 1124 1591 acetum
1163 1551 1733 1607 1106.111111611111111111016111,

132 1625 256 1664 quam
293 1623 388 1653 ante
435 1612 816 1665 coagulationem,
872 1615 1067 1655 colorem
1122 1615 1370 1667 referebat,
1426 1617 1573 1658 odoris
1627 1631 1733 1660 vero

131 1685 278 1716 contra
314 1676 567 1730 opinionem
606 1690 744 1718 meam
781 1679 912 1732 longe
950 1680 1171 1720 debilioris
1211 1680 1316 1720 mihi
1353 1680 1592 1723 videbatur.
1660 1683 1734 1726 Ad

131 1738 352 1780 fenestram
391 1741 608 1783 conclanis
647 1745 732 1784 mei
769 1744 909 1785 adhuc
947 1760 978 1796 4
1013 1746 1121 1786 aceti
1158 1745 1305 1787 vnciae
1342 1758 1364 1787 e
1402 1746 1545 1788 16116111
1579 1748 1622 1789 111
1653 1750 1736 1789 vit-

131 1817 180 1845 ro
217 1804 353 1857 glacie
389 1803 660 1848 effluxerunt.

319 1932 355 1986 ᾗ.
398 1943 467 1977 18.
535 1935 806 1990 Superstitem
862 1941 902 1981 in
941 1941 1054 1982 vitro
1107 1941 1287 1996 glaciem
1334 1942 1388 1984 ita
1427 1944 1532 1985 milii
1568 1945 1734 2000 visam,

131 1998 232 2039 dum
271 1999 320 2038 ad
359 1997 575 2040 fenestram
622 2017 707 2044 non
747 2005 1035 2057 liquesceret,
1091 2009 1217 2047 furno
1272 2007 1473 2050 calefatsto
1517 2010 1735 2064 imposui,

128 2062 198 2102 vbi
240 2061 357 2102 breui
396 2072 590 2116 tempore
626 2067 667 2107 in
705 2068 1078 2123 limpidiffimum,
1134 2085 1262 2125 quem
1306 2087 1458 2126 aquam
1496 2075 1575 2115 effe
1612 2077 1735 2117 initio

129 2127 301 2181 putaui,
342 2126 560 2180 liquorem
596 2130 711 2178 abiit.
779 2135 840 2175 At
878 2136 1050 2177 naribus
1091 2149 1144 2177 eo
1181 2137 1378 2189 admoto..
1415 2152 1515 2180 ecce
1551 2141 1738 2182 maxima

130 2204 224 2232 mea
261 2192 543 2233 admiratione
580 2206 670 2236 eam
706 2202 879 2254 percepi
936 2202 1042 2241 aceti
1091 2202 1463 2243 concentratissimi
1518 2205 1736 2247 fortitudi-

130 2269 228 2297 nem
254 2284 266 2306 ‚
324 2268 449 2310 quam
487 2267 608 2299 antea
641 2259 684 2300 in
723 2275 768 2304 ea
791 2294 805 2316 .,
861 2278 969 2320 quae
1007 2265 1159 2320 frigori
1195 2265 1376 2320 restitit,
1419 2278 1538 2323 parte
1573 2269 1737 2324 liquida

130 2320 188 2375 (ᾗ.
233 2319 310 2372 17)
346 2322 518 2374 percepi
556 2335 784 2376 nunquam.

194 2383 317 2428 Noeta
335 2385 442 2427 Aera
460 2387 592 2428 Acad.
614 2388 717 2445 Imp.
737 2389 807 2433 Sc.
827 2391 875 2434 T.
897 2392 995 2436 VII.
1258 2395 1304 2438 V
1336 2409 1366 2437 v
1580 2398 1616 2451 §.
1657 2410 1729 2448 19.
