2007 2702
801 252 953 277 =
987 235 1141 291 (338)
1176 251 1328 275 Ξ

455 355 491 409 ς.
535 366 604 406 19.
673 352 839 407 Liquor
875 355 1008 394 modo
1045 353 1176 394 dictus
1215 351 1272 405 (ᾗ.
1301 352 1396 405 18),
1435 350 1537 392 duas
1574 351 1716 393 vncias
1753 366 1856 408 pen·-

264 421 384 473 dens,
427 421 477 462 ad
516 418 732 460 fenestram
771 421 914 459 denuo
952 419 1208 468 collocatus,
1255 417 1371 457 breui
1410 426 1604 470 tempore
1642 416 1777 458 rursus
1815 420 1854 458 in

263 488 431 526 maslam
456 485 647 527 Solidam
685 484 938 536 camphorae
976 483 1153 522 fimilem
1193 481 1317 532 abiit,
1365 482 1481 533 quod
1518 494 1571 521 eo
1610 483 1740 535 masis
1779 483 1858 522 mi-

261 561 374 591 ratus
411 548 530 600 sum,
566 561 662 588 cum
700 561 809 588 nunc
848 548 1021 599 scirem,
1058 559 1208 601 aquam
1248 546 1305 585 ob
1342 547 1427 585 loci
1465 556 1718 599 temperiem
1755 560 1860 587 con-

263 614 394 669 gelari
433 627 519 655 non
558 613 684 665 posse.
723 613 852 652 minc
891 614 1066 651 demum
1105 610 1210 649 nihil
1250 610 1334 650 fere
1373 609 1490 649 dubii
1528 610 1716 662 restabat,
1754 624 1858 652 con-

263 689 426 720 cretum
474 677 557 716 hoc
601 675 681 714 esse
735 674 843 714 aceti
899 675 1067 714 acidum
1123 685 1246 724 quam
1302 675 1764 727 concentratiffimum,
1816 683 1860 716 et

265 755 371 796 quac
408 741 542 794 prima
581 739 720 778 fronte
768 737 851 778 visa
905 739 984 779 fuit
1037 737 1280 790 congelatio
1337 737 1395 791 (ᾗ.
1437 740 1515 791 16)
1567 752 1660 780 eam
1714 752 1861 782 veram

266 808 372 848 aceti
408 803 796 856 crystallilationem
836 802 967 843 fuisse.

463 931 499 985 ξ.
541 943 612 970 20.
682 930 751 972 Ex
787 940 902 985 parte
938 929 1099 983 liquida
1137 929 1194 983 (ξ.
1238 929 1315 983 17>
1371 942 1391 970 a
1436 930 1566 984 priori
1618 923 1861 982 'crystallisa-

268 999 386 1040 tione
423 997 670 1050 superstite,
718 997 864 1051 frigori
905 994 1047 1035 denuo
1084 995 1271 1047 exposita
1294 1023 1306 1045 ,
1353 994 1570 1036 dimidiam
1609 996 1747 1036 adhuc
1784 1009 1862 1035 vn-

268 1066 376 1104 ciam
414 1063 519 1103 aceti
556 1062 770 1101 eiusmodi
808 1060 997 1113 glacialis
1036 1059 1237 1108 obtinui,
1279 1059 1392 1112 quod
1430 1073 1535 1100 vero
1571 1060 1702 1113 priori
1743 1060 1863 1099 debi-

268 1128 349 1168 lius
388 1127 686 1179 deprehendi,
742 1127 873 1166 maius
913 1125 1025 1165 enim
1065 1125 1195 1176 frigus
1233 1123 1516 1174 crystallil'atio
1553 1125 1642 1164 eius
1680 1124 1863 1177 postula·

268 1192 359 1239 bat,
395 1201 555 1231 tantum
595 1190 752 1231 scilicet
789 1191 1126 1245 propemodum,
1166 1200 1370 1241 quantum
1407 1190 1456 1230 ad
1493 1201 1625 1243 aquae
1663 1188 1864 1242 congela-

268 1257 430 1297 tionem
467 1253 712 1308 requiritur.

465 1382 499 1435 ς.
542 1394 614 1420 21.
682 1380 825 1429 Plura,
865 1391 969 1429 quae
1007 1391 1102 1419 cum
1142 1391 1259 1418 nouo
1295 1379 1443 1419 eadem
1481 1392 1527 1419 ac
1548 1379 1666 1433 supra
1697 1378 1738 1431 (ξ
1783 1379 1863 1431 15)

269 1445 434 1488 ratione
472 1455 618 1499 parato
656 1455 776 1484 aceto
815 1442 990 1495 suscepi,
1028 1446 1258 1483 tentamina
1295 1445 1562 1482 edocuerunt
1599 1456 1694 1492 me,
1732 1455 1864 1482 euen-

272 1521 363 1552 tum
401 1522 617 1563 nunquam
655 1521 741 1548 non
779 1507 857 1546 effe
894 1508 1095 1545 eundem.
1165 1507 1340 1546 Accidit
1377 1507 1612 1559 qnondam,
1648 1516 1692 1545 vt
1727 1506 1766 1544 in
1805 1506 1865 1545 al-

276 1585 363 1616 tera
400 1574 612 1614 eiusmodi
649 1572 756 1613 aceti
794 1570 1132 1622 crystallil'atione
1171 1584 1359 1623 magnas,
1394 1571 1686 1623 perpulchras,
1722 1569 1862 1622 pellu-

277 1639 524 1689 cidiffimas,
576 1638 817 1690 regulares,
869 1645 910 1674 et
947 1635 1228 1675 diuerfimode
1267 1635 1347 1674 lese
1384 1634 1568 1673 inuicem
1606 1633 1863 1673 dectiffantes

277 1703 539 1744 obtinuerim
576 1701 811 1752 crystallos„
846 1699 1005 1751 figurae
1042 1697 1621 1752 oblongo-rhomboidalis,
1657 1696 1864 1750 pollicem

275 1781 407 1808 vnum
446 1778 542 1807 cum
580 1766 760 1807 dimidio
797 1764 980 1816 longas,
1035 1763 1339 1816 semipullicem
1379 1761 1496 1811 latas,
1532 1771 1576 1800 et
1610 1762 1764 1802 lineam
1801 1763 1865 1801 di-

74 1838 169 1876 Tab.
202 1838 262 1875 IV.
279 1833 451 1875 nuidiam
489 1831 648 1872 craffas.
718 1829 779 1870 At
815 1828 992 1879 crystalli
1040 1828 1116 1867 hae
1157 1837 1330 1878 quarum
1378 1825 1602 1865 formofius
1647 1826 1866 1879 exemplar

125 1886 187 1938 fig-
214 1891 247 1926 6·
277 1899 495 1950 adiungo,
537 1904 713 1949 propter
749 1895 906 1945 largam
945 1903 1075 1944 aquae
1111 1888 1462 1939 crystallisationis
1500 1890 1703 1942 copiam,
1756 1891 1864 1930 adeo

276 1971 394 2002 erant
429 1957 816 2012 adliquescentiam
854 1968 1037 2009 pronae,
1071 1963 1117 1994 vt
1142 1954 1245 1993 a'e‘ris
1283 1953 1488 2007 temperie
1531 1966 1613 2004 145
1655 1955 1864 2008 graduum

276 2025 361 2066 iam
395 2025 439 2064 in
473 2023 688 2077 liquorem
724 2020 915 2062 abierint.

474 2150 510 2204 ς.
550 2163 622 2190 22.
691 2150 784 2191 Hac
819 2148 904 2198 via,
939 2144 1320 2195 crystallisa‘ionem
1357 2145 1507 2196 innuo,
1542 2145 1646 2186 aceti
1680 2145 1865 2198 acidum,

281 2216 390 2258 salua
426 2216 601 2256 naturali
639 2214 830 2255 eiusdem
867 2211 1095 2260 mixtione,
1131 2208 1295 2249 summo
1332 2210 1524 2264 puritatis
1561 2210 1661 2251 statu
1699 2209 1867 2250 obtine-

282 2290 363 2321 tur.
409 2279 628 2332 Separatio
666 2279 861 2317 omnium
898 2274 1197 2328 particularum
1235 2275 1637 2328 heterogenearum,
1672 2271 1864 2326 inprimis

282 2342 557 2398 oleosarum,
609 2341 695 2383 hoc
730 2339 910 2383 artificio
943 2338 1238 2396 perfectiffima
1273 2339 1353 2390 fit5
1407 2339 1507 2381 dum
1553 2351 1624 2382 eae
1661 2350 1755 2380 cum
1793 2335 1865 2377 illa

1744 2398 1865 2441 debi-
