2007 2702
680 223 833 239 ...-
867 206 1024 264 (281)
1058 220 1212 235 ,.-

146 328 217 373 est.
289 325 392 370 Hoc
428 337 482 367 eo
516 336 652 379 Vsque
689 323 854 366 morbis
891 332 964 365 aut
999 320 1316 364 macilescentia
1351 324 1570 368 extenuari
1601 324 1755 383 potest,

146 405 194 437 vt
228 393 280 435 ad
318 392 500 434 nihilum
538 390 625 433 fere
660 391 900 431 reducatur.
967 387 1085 429 Nam
1122 400 1295 429 araneae
1331 400 1419 429 non
1456 393 1588 433 modo
1617 391 1756 433 tenui-

148 469 281 502 tatem
318 468 544 500 omentum
579 457 699 509 saepe
735 455 882 499 habet,
918 451 990 493 sed
1026 452 1310 495 foraminibus
1348 453 1542 508 plurimis
1583 469 1757 511 quoque

146 525 365 581 pertusum
402 521 582 565 omnino
618 528 661 559 et
695 519 850 560 areolis
886 518 998 559 inter
1032 518 1125 560 vasa
1161 518 1332 574 prorsus
1369 518 1668 562 deficientibus
1692 535 1757 562 re-

146 590 331 646 peritur;
385 597 431 629 vt
472 584 613 626 omnis
657 584 786 637 adeps
823 596 930 637 ergo
967 584 1198 637 omnisque
1235 583 1439 626 cellulosa
1475 594 1518 625 et
1553 583 1661 638 ipsae
1698 585 1761 626 la-

146 656 286 696 minae
323 666 344 694 a
379 651 631 706 peritonaeo
668 649 920 703 produc'tae,
960 661 1067 703 quae
1103 649 1273 703 adipem
1300 649 1425 690 illum
1448 659 1490 690 et
1511 648 1760 690 cellulosam

147 719 405 769 continent,
439 715 756 758 absorbeantur.
825 712 945 754 Haec
981 712 1075 754 fieri
1112 727 1198 755 non
1236 714 1352 769 poffe
1390 714 1575 769 opinor,
1611 713 1640 754 fi
1677 712 1764 754 cel-

145 784 278 825 lulosa
315 781 496 823 omnino
533 779 667 821 solida
702 787 745 819 et
781 778 982 831 organica
1018 787 1186 820 textura
1222 779 1312 831 est,
1364 778 1392 819 fi
1430 779 1565 834 adipis
1601 777 1765 820 veficu-

143 848 209 890 lae
246 861 380 903 porro
416 845 604 901 propriis
639 842 855 898 pelliculis
892 844 1082 896 gaudent
1117 857 1139 885 a
1175 842 1380 886 cellulosa
1415 844 1606 891 diuerfis‚

341 975 384 1017 Si
421 975 650 1016 senionem
687 971 795 1012 cutis
834 980 1008 1014 tenuem
1047 987 1144 1015 cum
1182 972 1451 1028 epidermide
1480 980 1641 1014 etcum
1666 969 1764 1013 sub-

143 1041 254 1082 iecto
299 1041 421 1094 adipe
460 1040 575 1092 (a),
630 1050 826 1092 quaeque
873 1051 1007 1090 porro
1055 1040 1105 1080 ad
1144 1039 1367 1080 musculos
1403 1039 1542 1091 vsque
1579 1038 1765 1092 sequun-

143 1116 246 1156 tur,
285 1104 610 1158 microscopio,
649 1103 810 1143 lumine
846 1102 1096 1156 fimpliciter
1131 1104 1183 1145 ab
1220 1105 1391 1145 obiecto
1428 1103 1626 1154 reflexo,
1667 1114 1766 1156 per-

141 1170 313 1217 lustres3
362 1170 484 1219 haec,
526 1181 630 1222 quae
668 1168 876 1207 continuo
915 1168 1072 1220 dicam,
1102 1169 1222 1210 strata
1259 1168 1422 1212 diuersa
1459 1166 1582 1209 facile
1619 1167 1764 1208 distin-

142 1245 344 1288 guuntur.
433 1233 536 1288 Quo
582 1232 822 1272 tenuiorem
873 1232 1023 1273 harum
1063 1233 1382 1276 substantiarum
1419 1234 1650 1274 sectionem
1689 1232 1765 1272 ha-

143 1298 276 1349 beas,
331 1312 384 1338 eo
433 1298 604 1351 quidem
653 1296 929 1336 commodius
974 1297 1049 1337 sub
1095 1298 1385 1353 microscopio
1431 1297 1559 1339 senio
1598 1295 1764 1337 tractari

141 1376 282 1416 eoque
321 1363 485 1403 facilius
523 1359 737 1402 obseruari
774 1359 925 1412 potest.
998 1361 1140 1416 Quam
1170 1363 1383 1414 describo,
1415 1374 1631 1414 quamque
1652 1360 1766 1414 figu-

139 1441 183 1469 ra
220 1427 398 1468 secunda
436 1437 478 1467 et
513 1426 635 1465 tertia
679 1423 903 1474 exhibeo,
957 1437 1013 1464 ex
1057 1424 1235 1466 brachio
1286 1425 1476 1465 hominis
1522 1438 1608 1465 non
1648 1424 1765 1466 obefi

139 1502 310 1548 promta
346 1491 421 1543 est,
486 1490 628 1530 Prima
663 1489 894 1543 epidermis
932 1488 1016 1540 (b)
1052 1489 1143 1539 est,
1191 1489 1346 1540 cuius,
1396 1489 1512 1544 quod
1550 1489 1763 1542 adhibui,

141 1567 183 1597 et
222 1570 307 1611 quo
348 1558 433 1597 fere
471 1555 511 1595 in
549 1554 724 1607 reliquis
762 1552 855 1594 vsus
895 1552 1017 1603 sum,
1069 1553 1361 1607 microscopio
1399 1553 1594 1596 craffities
1634 1553 1764 1594 dimi·

146 1621 236 1661 diae
273 1622 407 1662 lineae
445 1619 579 1661 ferme
616 1617 802 1673 aequalis
840 1617 1052 1672 apparuit,
1092 1632 1199 1672 quae
1240 1619 1478 1660 admodum
1516 1619 1656 1661 tenuis
1693 1632 1764 1660 er-

146 1696 204 1739 go
249 1684 291 1724 in
334 1686 411 1726 hac
457 1684 619 1726 brachii
663 1693 780 1738 parte
827 1683 981 1724 existit.
1067 1682 1273 1738 Sequitur
1308 1684 1415 1726 cutis
1455 1684 1577 1739 (c),
1634 1696 1764 1738 quam

149 1748 376 1803 quintuplo
423 1750 531 1803 quafi
567 1747 833 1803 epidermide
871 1748 1111 1790 crassiorem
1148 1749 1191 1789 in
1227 1759 1346 1804 parte
1383 1750 1533 1791 eadem
1569 1749 1762 1791 aestimo.

146 1812 265 1854 Haec
303 1826 388 1853 non
426 1815 567 1855 sensim
603 1814 856 1869 sensimque,
892 1814 954 1855 vti
991 1813 1276 1866 credideram,
1313 1824 1357 1856 et
1395 1827 1523 1869 quam
1560 1827 1763 1856 commu-

147 1872 244 1919 nem
282 1887 387 1931 puto
425 1879 500 1918 effe
537 1880 789 1933 opinionem
813 1909 826 1931 ,
863 1879 904 1920 in
942 1877 1108 1921 solitam
1131 1908 1145 1933 ,
1184 1892 1291 1933 quae
1328 1879 1500 1934 adipem
1537 1879 1761 1932 continet,

152 1955 347 1997 quaeque
384 1943 601 1984 musculos
637 1945 843 1998 inuoluit,
880 1937 1309 1988 cellulosam'laxior
1345 1944 1460 1996 abit3
1495 1945 1566 1986 sed
1598 1943 1764 1998 excipit

1688 2020 1764 2050 cu-

226 2173 288 2217 (a)
342 2166 404 2218 fig.
431 2180 463 2205 2.
496 2180 527 2216 3.

230 2234 293 2279 (b)
348 2231 410 2282 fig.
436 2244 468 2270 2.
495 2245 525 2270 a.
551 2245 581 2270 a.
608 2230 669 2283 fig.
696 2246 725 2283 3.
753 2247 783 2273 a.
808 2248 839 2275 a.
865 2236 900 2277 b.
927 2250 959 2278 c.
986 2237 1020 2277 d.

224 2301 291 2346 (c)
344 2295 406 2347 fig.
433 2310 464 2334 2.
492 2297 525 2335 b.
552 2297 587 2335 b.
614 2295 674 2347 fig.
699 2311 729 2347 3.
757 2313 788 2338 e.
814 2313 845 2338 e.

213 2387 336 2429 Noua
354 2386 390 2428 A
396 2385 459 2427 εἶα
476 2385 608 2427 Acad.
627 2384 731 2441 Imp.
747 2386 820 2430 Sc.
837 2386 886 2429 T.
908 2385 944 2429 V
945 2386 1009 2429 11.
1269 2387 1316 2431 N
1342 2400 1372 2431 n
