2007 2702
757 251 908 265 ...-.
943 229 1098 285 (233)
1131 245 1284 261 .—

217 361 303 390 non
340 360 490 390 omnes
527 347 719 390 eiusdem
756 346 1060 401 magnitudinis
1097 345 1317 398 vesiculas,
1353 344 1472 387 velut
1493 344 1720 399 humanus,
1742 347 1811 389 sed

217 415 316 455 alias
353 415 572 469 aliquanto
608 414 815 464 minores,
848 412 914 465 (a)
950 411 1048 452 alias
1080 412 1277 463 maiores,
1317 411 1393 464 (b)
1431 411 1587 452 habere
1614 410 1724 451 visus
1744 414 1813 454 est.

213 479 414 520 Minores
452 489 590 520 tamen
627 478 820 532 aequales
859 476 991 517 saltim
1024 477 1236 528 humanis,
1274 486 1462 517 caeterae
1486 475 1706 517 manifesto
1725 490 1814 518 ma-

215 544 328 585 iores
351 573 363 596 ,
399 552 696 597 apparuerunt.
768 542 901 597 Quod
938 551 1022 581 tam
1059 541 1232 582 difficile
1286 541 1329 580 in
1365 541 1554 582 humano
1609 551 1813 595 expertus

215 621 329 650 eram
366 609 506 661 adipe,
542 618 588 647 vt
623 606 799 659 singulas
836 620 857 645 a
895 605 932 645 se
972 615 1122 645 mutuo
1158 604 1357 645 vesiculas
1396 605 1650 659 separarem,
1685 607 1728 646 id
1752 607 1814 647 fa·

215 673 286 713 cili
324 673 500 724 negotio
538 671 577 710 in
618 670 779 710 bouino
817 667 1015 708 succeffir.
1094 669 1184 709 Vbi
1221 669 1484 722 aliquantum
1522 671 1676 723 agitare
1714 683 1816 711 eum

214 737 287 777 sub
324 735 611 788 micros‘copio
650 735 918 786 inceperam,
955 732 1103 785 sponte
1141 732 1253 786 quasi
1290 733 1494 774 vesiculae
1531 735 1686 785 durae,
1722 748 1816 788 gra-

214 813 369 840 norum
401 799 537 849 instar,
557 800 694 840 variae
724 797 882 851 figurae
910 796 1204 837 dilabebantur
1226 796 1306 849 (c).
1345 796 1387 838 Si
1410 810 1516 850 aqua
1537 808 1674 839 tamen
1698 799 1814 852 prius

214 865 480 906 humeftatur
516 874 557 904 et
594 863 847 912 emollitur,
901 862 1104 915 pulchrae
1159 860 1363 902 vesiculae
1410 863 1518 903 arc‘te
1556 876 1774 904 connexae
1802 891 1816 915 ,

213 931 395 971 omnino
433 929 640 969 rotundae
664 957 676 975 .,
716 937 918 980 apparent
954 927 1065 978 (d).
1141 926 1361 967 Nimirum
1401 927 1626 980 pelliculae
1665 935 1813 968 tenues

216 994 309 1035 sunt
343 1004 386 1034 et
420 994 601 1047 parietes
640 992 900 1032 diuersarum
936 991 1213 1031 vesicularum
1252 1004 1504 1032 communes
1543 1002 1690 1032 tenues
1714 1020 1727 1043 ,
1772 999 1816 1031 et

214 1060 384 1110 omnis,
422 1071 546 1111 quam
585 1056 829 1098 cellulol'am
868 1057 1046 1107 dicunt,
1098 1055 1351 1107 substantia,
1405 1067 1609 1110 qnantum
1648 1055 1818 1109 potest,

214 1125 338 1179 adipe
374 1124 563 1177 repleta5
607 1133 652 1163 vt
687 1121 862 1161 minima
898 1122 986 1160 eius
1024 1131 1065 1160 et
1101 1120 1173 1160 vix
1208 1121 1293 1160 vlla
1330 1123 1440 1161 inter
1475 1119 1675 1161 vesiculas
1713 1133 1814 1173 por-

216 1190 279 1229 tio
329 1190 512 1229 haereat.
582 1188 700 1227 Haec
738 1199 841 1238 ergo
880 1185 1097 1225 substantia
1133 1185 1342 1238 imprimis
1381 1186 1526 1226 siccata
1571 1195 1611 1224 et
1648 1194 1819 1225 contra·

216 1253 333 1294 hitur
369 1254 529 1305 magis,
565 1261 610 1291 vt
646 1252 695 1290 ad
732 1250 911 1289 nihilum
952 1251 1036 1289 fere
1076 1250 1334 1300 reducatur,
1370 1261 1412 1291 et
1449 1250 1689 1298 induratur,
1729 1262 1817 1302 quo

218 1317 393 1358 friabilis
430 1316 514 1356 fiat.
553 1315 737 1355 Accedit
772 1312 895 1365 ipsius
935 1313 1127 1364 adiposae
1167 1315 1364 1352 materiae
1397 1314 1587 1353 durities.
1628 1314 1705 1352 His
1727 1313 1820 1353 effi-

217 1383 343 1432 citur,
369 1390 415 1421 vt
449 1379 544 1419 solo
579 1381 704 1419 etiam
742 1377 892 1418 attactu
929 1385 971 1415 et
1006 1376 1047 1415 vi
1083 1375 1258 1415 minima
1304 1376 1443 1415 tenuis
1481 1373 1683 1414 cellulosa
1720 1375 1817 1414 sub-

216 1446 359 1486 stantia
394 1453 614 1496 rumpatur
650 1452 692 1482 et
726 1440 959 1489 vesiculae,
998 1441 1100 1479 dura
1138 1441 1309 1480 materia
1345 1438 1545 1492 repletae,
1588 1450 1819 1490 granorum

215 1511 339 1552 instar
391 1508 642 1549 dilabantur.
712 1506 862 1557 Adeps
916 1505 1100 1556 denique
1152 1504 1353 1558 porcinus
1393 1502 1458 1555 (e)
1502 1511 1545 1542 et
1586 1502 1819 1543 humanum

215 1574 438 1631 praecellit
475 1570 766 1625 magnitudine
803 1568 1083 1609 vesicularum
1136 1581 1179 1608 et
1215 1568 1436 1608 boninum.
1507 1565 1590 1606 Sed
1627 1559 1817 1607 et’hunc

215 1641 507 1682 humectatum
544 1635 824 1689 contemplari
863 1643 1059 1687 oportet,
1106 1645 1193 1684 quo
1229 1632 1397 1688 spumae
1434 1629 1521 1671 fere
1556 1629 1679 1670 instar
1713 1630 1819 1671 vesi-

216 1704 369 1746 cularis
407 1704 511 1744 haec
547 1701 745 1742 structura
783 1700 954 1753 egregie
994 1707 1182 1752 apparet.

411 1830 661 1881 Substantia,
700 1842 781 1883 qua
818 1829 947 1882 adeps
987 1825 1248 1876 continetur,
1283 1823 1350 1863 sua
1386 1832 1548 1874 natura,
1584 1830 1631 1862 vt
1650 1820 1813 1876 reliqua

216 1898 323 1939 dicta
359 1897 576 1947 cellulosa,
596 1895 798 1936 continua
835 1903 877 1934 et
913 1891 1137 1933 vniformis
1175 1888 1243 1928 est.
1283 1887 1369 1928 Sub
1407 1898 1503 1928 cute
1540 1897 1623 1927 tam
1660 1887 1811 1928 densus

217 1963 344 2015 adeps
384 1961 624 2016 congestus,
646 1970 730 2000 tam
766 1959 874 2000 arcte
912 1956 1108 1998 infaretus
1145 1952 1387 2006 cellulol'ae,
1420 1963 1466 1993 vt
1500 1965 1649 2007 parum
1685 1952 1812 1993 huius

1721 2015 1814 2057 sub-

223 2108 1817 2130 —————-.-...-—.-———--—-—————————·

314 2167 376 2212 (a)
427 2161 489 2212 fig.
518 2172 549 2205 8.
576 2175 606 2200 a.

314 2228 382 2273 (b)
435 2224 496 2275 fig.
525 2235 556 2267 8.
589 2227 623 2264 b.
651 2226 684 2263 b.

318 2290 380 2336 (c)
433 2285 494 2335 fig.
523 2296 554 2328 8.
580 2287 615 2325 b.
640 2287 674 2325 b.
700 2285 734 2324 b.

316 2350 384 2398 (d)
433 2347 494 2398 fig.
521 2361 558 2395 9.

317 2413 379 2460 (e)
428 2408 491 2461 fig.
522 2422 578 2449 10.
