2007 2702
769 197 919 223 -—-=
954 177 1109 234 (2⁵4)
1143 193 1294 210 -··

426 297 494 350 3.)
564 294 715 336 Tertia
756 294 924 348 linguae
970 293 1247 336 immutantae
1284 294 1391 337 ratio
1415 323 1427 346 ,
1481 305 1731 349 argumento
1766 298 1830 341 se·

229 361 374 401 cundo
414 360 734 414 comprehensa,
770 372 904 412 eaque
941 373 962 400 a
999 359 1331 413 perspicuitate,
1374 359 1607 414 <fingendis
1644 365 1830 405 vocabu-

227 426 286 466 lisv
318 427 450 477 noris,
487 426 633 478 reique
670 424 890 464 cuiusdam
927 435 1096 465 naturae
1133 426 1266 478 magis
1304 426 1534 479 adaptatis,
1572 426 1829 482 adiuuanda)

226 492 363 543 repeti
400 489 541 541 solita,
577 492 649 530 vix
685 489 891 530 audienda
929 489 1124 539 videtur,
1159 490 1229 529 vbi
1267 490 1318 529 de
1356 491 1627 532 immutando
1666 492 1829 533 chemi-

225 567 377 595 corum
415 554 621 607 loquendi
658 567 779 594 more
816 554 965 594 vfitato
1002 553 1140 594 sermo
1175 553 1316 594 fuerit.
1385 554 1591 609 Exceptis
1613 556 1729 597 enim
1751 570 1830 598 vo·

226 619 387 660 cabulis
425 617 677 668 nonnullis,
723 618 793 670 (e.
830 632 870 670 g.
912 619 1043 670 hepar
1079 628 1121 657 et
1156 618 1219 658 lac
1256 618 1457 671 sulfuris,
1510 621 1724 662 mineralis
1761 636 1830 664 ae-

225 683 388 735 thiops,
427 693 468 722 et
503 682 704 733 Kermes)
742 694 849 734 quae
887 681 1061 735 quidem
1099 684 1274 723 nomina
1310 683 1488 737 exiguae
1525 698 1623 726 cum
1645 687 1830 728 aliorum

225 759 452 800 corporam
490 747 638 786 cossore
675 745 956 797 similitudini,
993 746 1261 800 luperstruc‘ta
1298 748 1405 799 sunt,
1434 750 1579 791 omnia
1615 750 1708 791 satis
1746 753 1831 793 cla-

221 824 300 861 ra,
355 823 431 851 nec
478 810 789 866 perspicuitatis
834 810 965 852 cauffa
1011 813 1213 853 mutanda
1259 812 1489 854 videretur.
1561 813 1677 868 Quid
1714 818 1830 858 enim

221 874 431 927 vocibus,
476 888 513 916 e.
552 889 590 930 g.
629 877 726 916 calx
762 875 894 927 salita,
933 876 1032 917 soda
1069 877 1252 928 nitrata,
1304 887 1525 933 argentum
1562 879 1829 922 vitriolatum

224 951 306 981 cet.
360 941 512 981 clarius
558 941 610 982 ad
663 954 728 981 res
783 941 1093 996 designandas,
1149 956 1195 984 ac
1236 942 1387 998 quibus
1425 944 1530 984 haec
1566 944 1670 984 eti.
1708 959 1750 1001 g.
1788 959 1826 987 a.

223 1006 460 1062 composita
496 1004 588 1050 sunt
623 1007 860 1061 excogitari
895 1007 1047 1065 potest.

417 1106 482 1159 4.)
550 1107 756 1161 Regulam
794 1121 898 1149 vero
937 1118 1126 1163 quartam
1149 1137 1162 1159 ,
1221 1121 1326 1163 quae
1365 1106 1696 1160 terminologiae
1733 1117 1842 1146 mu-.

220 1169 426 1211 tationem
467 1171 625 1223 suadet,
661 1172 831 1214 simulac
869 1188 948 1227 pro
986 1173 1195 1214 consuetis
1233 1173 1459 1224 vocabula,
1495 1173 1729 1214 maximum
1751 1172 1827 1225 qui

219 1236 374 1287 potest,
412 1235 659 1288 qualitatum
697 1250 919 1277 numerum
958 1238 1275 1291 exprimentia,
1311 1248 1353 1278 et
1389 1239 1532 1291 suapte
1569 1247 1714 1278 natura
1751 1235 1825 1276 sta-

222 1297 392 1346 biliora,
429 1300 665 1352 excogitari
703 1301 870 1352 poliint,
908 1314 1121 1352 quamque
1157 1303 1416 1340 recentiores
1452 1302 1621 1353 linguae
1660 1301 1825 1340 chemi-

221 1374 295 1402 cae
331 1362 634 1403 reformatores
670 1374 766 1404 ante
806 1364 949 1404 omnia
988 1374 1156 1415 irgent,
1192 1364 1419 1416 ecquidem
1456 1364 1584 1402 etiam
1622 1377 1642 1402 a
1679 1364 1824 1402 termi-

218 1426 422 1478 nologiae
460 1426 671 1480 huiusque
708 1427 874 1467 vfitatae
910 1429 1166 1478 auctoribus,
1202 1428 1335 1467 modo
1373 1427 1493 1466 aliter
1545 1436 1588 1466 et
1609 1426 1679 1465 nisi
1713 1425 1822 1467 forte

217 1490 366 1544 paullo
403 1490 576 1531 liberius
615 1494 821 1543 loquutus
862 1490 1009 1537 fuero.v
1048 1492 1183 1532 adhuc
1221 1492 1373 1531 melius
1409 1500 1537 1545 atque
1575 1490 1821 1542 diligentius

219 1555 483 1595 obser-natam
521 1555 601 1595 effe
638 1556 897 1595 contendere
934 1555 1076 1606 ausim.
1132 1556 1224 1596 Hos
1265 1556 1435 1608 quidem
1475 1568 1560 1594 non
1598 1554 1737 1594 minus
1775 1566 1822 1594 ac

217 1618 316 1659 illos
355 1620 403 1660 ad
442 1632 570 1659 vnum
609 1621 881 1672 eundemque
920 1620 1112 1673 scopum,
1151 1620 1284 1660 nwodo
1320 1618 1490 1659 diuerfis
1515 1618 1610 1669 viis,
1647 1619 1820 1659 tendere

216 1683 402 1736 videbis,
439 1684 680 1724 dummodo
718 1685 944 1725 attenderis
980 1687 1030 1726 ad
1069 1698 1143 1736 ea,
1182 1697 1287 1736 quae
1323 1683 1405 1722 iam
1443 1681 1690 1735 sequuntur.

408 1776 624 1820 Nimirum
669 1794 825 1821 nomen
872 1781 1047 1833 aliquod
1094 1791 1182 1820 tum
1231 1778 1488 1832 potissimum
1527 1788 1819 1832 perpetuum,

217 1852 343 1897 atque
379 1844 645 1886 immutabile
684 1845 766 1886 dici
804 1857 1015 1896 meretur,
1057 1844 1126 1883 vbi
1163 1844 1210 1884 iis
1249 1857 1388 1884 rerum
1425 1842 1718 1884 affectionibus
1755 1844 1821 1884 su-

215 1909 483 1962 perstrudtam
522 1909 594 1960 est,
634 1923 738 1963 quae
777 1909 1002 1950 mutationi
1041 1908 1148 1949 haud
1187 1908 1415 1960 obnoxiae,
1451 1907 1638 1961 ideoque
1675 1921 1729 1949 ex
1749 1921 1817 1949 re-

215 1985 311 2012 rum
348 1984 490 2015 natura
528 1985 653 2027 atque
690 1974 834 2015 indole
872 1973 1073 2026 repetitae
1111 1972 1214 2011 sunt.
1299 1972 1386 2013 lam
1431 1985 1562 2023 ver0,
1619 1973 1812 2025 quamuis

216 2047 407 2078 naturam
446 2039 620 2078 alicuius
658 2039 716 2078 rei
754 2048 838 2078 tam
875 2036 1107 2077 ratiociniis
1147 2049 1269 2090 quam
1292 2037 1570 2090 experientia,
1606 2037 1675 2076 vel
1699 2045 1818 2076 vtro-

219 2114 301 2155 que
339 2102 427 2141 veri
465 2102 690 2155 indagandi
727 2101 907 2142 subsidio
943 2099 1152 2151 adhibito,
1190 2101 1392 2153 cognosci
1422 2101 1553 2152 Dosse,
1589 2101 1698 2140 inter
1719 2114 1815 2140 om-

216 2178 291 2206 nes
338 2164 429 2206 satis
467 2166 649 2214 constet3
702 2167 744 2207 in
782 2165 1199 2206 denominationibus
1238 2176 1376 2206 tamen
1413 2177 1553 2206 rerum
1590 2166 1816 2205 materiali-

217 2242 310 2279 um,
347 2242 401 2270 ex
436 2230 645 2270 attributis
668 2259 680 2281 ,
732 2230 869 2283 (quae
905 2242 959 2269 ex
995 2230 1140 2269 indole
1176 2243 1318 2271 rerum
1355 2230 1440 2284 ipsa
1477 2230 1672 2280 deduaa,
1708 2229 1814 2269 sern-

215 2307 294 2350 per
328 2302 372 2334 et
403 2304 614 2349 perpetuo
648 2294 733 2337 illis
771 2295 1071 2349 compertum)
1107 2295 1366 2350 repetendis,
1401 2293 1614 2337 eiusmodi
1650 2301 1813 2333 tantum

1697 2364 1815 2396 attri-
