2007 2702
784 239 935 276 ²·‘·--
969 237 1124 296 (340)
1156 241 1307 273 ---·’

442 370 538 408 ma,
575 355 746 403 transit,
785 356 826 397 in
863 354 1065 408 excipulo
1102 363 1144 394 et
1179 362 1365 395 retortae
1402 352 1518 395 collo
1555 355 1841 410 naphtharum

442 435 563 463 more
598 421 710 462 strias
747 421 924 474 pingues
962 420 1130 460 format.

347 519 399 574 g)
435 517 479 562 Si
517 517 738 559 destillatio
774 517 878 558 aceti
916 516 1041 557 huius
1087 515 1332 556 vehementi
1377 515 1534 569 frigore
1580 516 1620 556 in
1661 519 1753 557 a'c're
1790 516 1843 557 li-

443 583 550 624 bero
588 582 841 628 instituitur3
896 581 938 620 in
976 580 1178 633 excipulo
1214 580 1401 633 vndique
1438 582 1488 620 ad
1526 581 1646 621 instar
1685 581 1842 621 florum

443 647 641 688 Benzoes
679 645 881 683 micantes
919 643 1097 693 crystalli
1133 646 1360 693 oriuntur,
1399 653 1625 697 totumque
1663 646 1843 698 excipu-

442 710 473 750 li
509 709 686 762 spatium
723 707 900 748 interius
944 706 1200 746 tenuiffimae
1254 707 1363 746 niuis
1418 708 1468 747 ad
1507 709 1628 750 instar
1677 710 1845 762 replere

443 774 657 813 videntur.
727 772 901 812 Accidit
935 772 1148 811 interdum
1171 799 1184 820 ,
1233 779 1278 809 vt
1315 770 1391 810 hac
1430 773 1684 824 occasione,
1727 773 1844 815 finita

443 837 757 885 destillatione,
810 844 1049 890 pentagona
1095 835 1276 875 eximiae
1315 835 1564 887 tenuitatis,
1619 837 1844 878 dimidium

443 901 612 942 circiter
647 901 851 954 pollicem
890 901 1103 940 interdum
1140 900 1238 949 lata.j
1276 912 1362 937 vno
1385 909 1547 939 tantum
1585 901 1742 952 angulo
1771 902 1846 942 suo

442 966 565 1006 rostri
601 974 784 1006 retortae
831 975 1027 1005 extremo
1065 964 1244 1016 margini
1281 963 1536 1012 infidentia,
1589 975 1847 1018 appareant,

445 1043 552 1084 quae
588 1031 857 1083 prismaticos
896 1029 1065 1069 colores
1102 1041 1251 1068 omnes
1289 1027 1578 1081 pulcherrime
1623 1029 1845 1071 exhibent.

347 1125 395 1181 h)
433 1125 625 1169 Grauitas
664 1126 770 1166 aceti
807 1125 992 1179 glacialis
1032 1124 1224 1178 specifica
1277 1123 1329 1164 ad
1374 1136 1465 1164 eam
1511 1137 1643 1178 aquae
1696 1125 1733 1166 se
1770 1126 1846 1168 ha-

450 1190 558 1243 bet,
594 1190 655 1230 vti
696 1203 866 1242 1‚0574
902 1191 951 1230 ad
992 1201 1178 1240 120000.

351 1286 387 1340 i>
425 1284 806 1328 Concentrationis
843 1287 1018 1338 gradum
1058 1285 1174 1338 quod
1212 1285 1375 1335 attinet,
1412 1293 1578 1326 acetum
1600 1285 1774 1338 glaciale
1795 1286 1847 1327 ad

453 1350 628 1391 alcohol
665 1349 771 1390 aceti
808 1348 1166 1390 Westendorfiani
1203 1347 1242 1386 se
1278 1347 1405 1387 habet
1440 1358 1485 1386 vt
1519 1363 1547 1397 9
1586 1350 1636 1388 ad
1673 1365 1716 1399 4.

352 1446 397 1502 k)
435 1445 637 1488 Summus
677 1445 829 1485 caloris
870 1444 1023 1497 gradus
1047 1473 1061 1494 ⁷
1114 1455 1200 1495 quo
1236 1452 1402 1482 acetum
1456 1442 1630 1494 glaciale
1681 1443 1850 1483 fortiffi-

455 1523 575 1552 mum
613 1511 794 1550 formam
833 1508 1009 1548 solidam
1047 1507 1292 1547 conseruare
1330 1505 1480 1558 potest„
1518 1519 1601 1554 125
1642 1508 1848 1560 graduum

452 1573 786 1615 Thermometri
823 1572 920 1612 Del'
958 1570 1099 1611 Isliani
1137 1571 1206 1610 est.
1260 1569 1372 1609 Hinc
1411 1579 1576 1609 acetum
1614 1571 1719 1621 tale,
1756 1584 1854 1621 cry-

454 1638 695 1679 stallis-atum
748 1638 789 1677 in
827 1648 998 1677 caueam
1044 1633 1321 1676 obseruatorii
1359 1632 1541 1683 parisini,
1595 1635 1710 1675 cuius
1750 1648 1856 1674 con-

454 1702 560 1743 stans
615 1702 843 1755 temperies
897 1713 977 1749 131
1038 1700 1242 1753 graduum
1296 1697 1382 1745 est„
1438 1696 1740 1750 deportatum,
1793 1699 1852 1739 ibi

457 1766 665 1808 continuo
705 1766 887 1808 formam
922 1764 1036 1806 suam
1073 1763 1349 1815 crystallinam
1387 1760 1667 1802 conseruaret.

357 1863 393 1918 l)
429 1863 477 1904 In
516 1863 730 1903 cochleari
767 1862 884 1916 supra
921 1860 1138 1902 candelam
1175 1856 1418 1897 calefactum
1443 1885 1455 1906 ,
1509 1866 1676 1898 acetum
1728 1857 1848 1911 hoc,

455 1929 632 1969 admoto
669 1928 802 1980 igne,
838 1927 1006 1972 flamma
1041 1920 1236 1964 coerulea
1273 1920 1548 1961 consumitur.

363 2022 421 2076 m)
457 2023 688 2076 Reagentia
723 2025 764 2064 in
802 2030 967 2064 acetum
1012 2017 1186 2072 glaciale
1240 2030 1344 2070 aqua
1398 2016 1581 2057 dilutum
1634 2018 1848 2071 perinde,

459 2100 506 2128 ac
544 2088 584 2127 in
621 2098 787 2128 acetum
821 2097 976 2141 purum
1013 2082 1263 2123 destillatum
1288 2111 1300 2133 .,
1338 2090 1481 2133 agunt.

459 2182 496 2236 ᾗ.
537 2196 607 2234 24.
683 2182 774 2237 Ipsa
825 2181 931 2222 aceti
985 2175 1170 2233 glacialis
1224 2176 1505 2228 crystallisatio
1559 2177 1671 2218 varia
1723 2178 1882 2220 offere

270 2255 510 2288 memoratu
546 2246 658 2287 haud
694 2258 840 2299 parum
880 2245 1018 2299 digna.
1056 2242 1124 2283 Ex
1162 2243 1305 2283 salium
1344 2255 1500 2294 magno
1538 2255 1717 2282 numero
1752 2242 1846 2282 nul-

269 2311 360 2353 lum
384 2340 399 2366 ,
451 2311 568 2366 quod
604 2309 999 2365 phoenorninorum
1034 2307 1231 2350 varietate
1267 2313 1310 2348 et
1343 2305 1549 2361 elegantia
1592 2318 1691 2347 cum
1727 2315 1848 2347 aceto

1764 2370 1855 2425 gla-
