2007 2702
47 782 138 823 Tab.
153 783 210 821 IV.

766 229 917 244 ·-·-·
954 214 1111 270 (2:³0)
1145 229 1296 245 ···—

230 330 445 386 grauitatis
490 330 600 372 inter
635 328 944 372 ascendendum
999 344 1147 373 reuera
1202 329 1458 372 descendere
1513 329 1581 372 seu
1634 333 1824 375 continio

227 398 406 450 propius
460 397 509 437 ad
553 396 824 436 horizontem
871 397 1090 438 accedere.
1161 394 1271 437 Cum
1327 405 1469 437 autem
1523 396 1648 450 plena
1701 397 1825 439 huius

228 471 373 501 motus
411 460 603 514 cognitio
650 473 736 500 non
781 460 853 500 nifi
900 475 975 515 per
1021 460 1423 501 determinationem
1470 461 1624 502 virium
1671 461 1828 502 sollici-

229 526 407 566 tantium
445 536 677 578 carumque
723 525 895 566 effec‘tus
942 525 1178 582 comparari
1226 534 1381 578 queat,
1435 538 1590 579 operae
1645 527 1829 579 pretium

229 590 309 630 effe
345 589 560 641 arbitror,
595 599 641 629 vt
677 598 760 629 tam
798 590 870 629 has
907 590 1016 630 vires
1041 619 1054 641 ,
1104 601 1231 644 quam
1265 598 1435 630 motum
1472 591 1571 632 coni
1606 590 1830 646 progressi-

232 665 335 694 vum
373 666 418 694 ac
455 652 722 707 gyratorium
759 653 1057 693 determinem.

421 778 457 833 ᾗ.
501 792 540 818 2.
610 778 674 822 Sit
724 779 866 834 itaque
919 779 1134 823 ADBE
1188 781 1287 837 (fig.
1333 782 1401 835 1.)
1444 782 1568 824 sectio
1616 783 1713 825 coni
1751 784 1829 825 du-

222 844 378 900 plicis,
431 857 485 884 ex
521 844 690 885 duobus
728 847 847 887 conis
884 847 1006 887 rectis
1044 857 1086 887 et
1121 846 1366 902 aequalibus
1402 847 1559 888 ADB
1597 858 1639 888 et
1675 848 1827 889 ΑΕΒ

224 908 484 962 compositi,
541 922 646 962 quae
690 923 766 964 per
812 911 908 951 axin
945 912 1034 951 eius
1071 911 1112 953 D
1136 911 1171 952 E
1209 912 1361 954 transit.
1446 911 1659 952 Pon-amus
1699 925 1829 965 porro

221 973 476 1016 huiusmodi
514 986 670 1015 conum
708 975 786 1016 effe
834 975 1190 1029 homogeueum,
1245 987 1287 1017 et
1339 977 1437 1018 hinc
1493 976 1582 1017 eius
1636 986 1829 1017 centrum

225 1039 441 1093 grauitatis
495 1037 537 1078 in
591 1048 739 1080 centro
779 1038 849 1091 C,
907 1040 1006 1081 bafis
1053 1042 1294 1083 communis
1349 1054 1558 1083 conorum
1596 1040 1751 1082 ADB
1788 1049 1831 1081 et

222 1102 366 1146 ΑΕΒ
404 1103 541 1143 situm.
613 1103 706 1146 Sint
745 1118 918 1159 quoque
954 1101 1059 1146 bac
1094 1116 1135 1147 et
1171 1104 1280 1146 cab
1315 1106 1407 1160 (fig.
1433 1106 1495 1159 2.)
1525 1107 1610 1146 duo
1640 1105 1711 1145 illa
1740 1104 1830 1158 pla-

224 1181 277 1208 na
322 1168 553 1220 inclinata,
606 1168 716 1210 inter
767 1168 807 1209 se
856 1171 1079 1223 aequalia,
1134 1172 1285 1225 quibus
1323 1171 1482 1225 duplex
1519 1183 1652 1211 conus
1689 1170 1830 1223 impo-

225 1231 354 1272 nitur.
423 1232 623 1285 Angulus
662 1232 804 1283 bac,
860 1247 985 1285 quem
1033 1235 1325 1288 longitudines
1373 1236 1528 1276 horum
1563 1235 1828 1289 planorum,

225 1309 252 1335 a
274 1308 294 1335 c
329 1305 371 1335 et
406 1294 430 1334 b
452 1308 499 1346 c,
552 1296 662 1335 inter
698 1295 736 1336 se
775 1296 1065 1348 constituunt,
1117 1299 1164 1336 sit
1199 1312 1260 1336 Ξ
1285 1311 1307 1334 2
1331 1313 1378 1345 ης
1431 1301 1486 1338 ita
1523 1309 1568 1337 vt
1604 1298 1829 1338 dimidium

228 1360 347 1409 eius,
384 1359 426 1399 id
462 1359 517 1399 est
554 1358 731 1412 angulus
767 1357 896 1415 bas,
940 1360 1007 1400 seu
1046 1358 1154 1415 cas
1181 1362 1287 1401 intra
1321 1359 1417 1411 ha,
1454 1359 1521 1400 seu
1557 1372 1621 1399 ca
1656 1370 1697 1398 et
1733 1371 1829 1412 per·

226 1423 502 1476 pendiculum
549 1436 604 1463 ex
656 1436 681 1462 α
727 1423 768 1463 in
806 1423 870 1463 cb
922 1425 1143 1465 demissum
1196 1423 1564 1477 comprehensus,
1617 1423 1664 1463 fit
1708 1436 1828 1472 Ξη.

225 1485 426 1541 Angulus
464 1487 751 1527 inclinationis
787 1488 1013 1541 planorum
1051 1489 1102 1529 ad
1140 1488 1416 1530 horizontem
1446 1488 1609 1528 dicatur
1634 1482 1688 1540 Φ.

423 1614 457 1669 ξ.
498 1627 538 1664 3.
611 1614 798 1670 Quando
845 1629 978 1658 conus
1022 1615 1182 1672 duplex
1226 1616 1359 1671 planis
1400 1615 1608 1656 inclinatis
1643 1613 1753 1655 bac
1786 1623 1828 1656 et

228 1676 339 1720 cab
391 1678 787 1733 superimponitur,
839 1691 938 1723 tunc
992 1683 1286 1735 vnusquisque
1338 1693 1545 1722 conorum
1593 1678 1749 1719 ADB
1787 1688 1830 1720 et

226 1743 382 1785 ΑΕΒ
421 1743 513 1798 (fig.
538 1746 632 1797 1.),
670 1754 799 1798 prout
834 1759 963 1787 omne
1001 1760 1155 1801 corpus
1192 1754 1438 1796 tornatum,
1482 1745 1615 1797 tangit
1652 1744 1827 1797 planum

226 1808 506 1860 inclinatum,
544 1809 610 1850 cui
646 1809 888 1863 incumbit,
925 1812 967 1851 in
1004 1812 1131 1852 vnico
1169 1810 1301 1849 modo
1336 1810 1526 1863 puncio,
1562 1809 1616 1849 ita
1653 1818 1697 1848 vt
1732 1808 1827 1848 lon-

227 1873 443 1926 gitudines
481 1874 706 1927 planorum
743 1887 767 1914 a
789 1888 810 1914 c
845 1886 887 1915 et
923 1873 986 1917 hc
1019 1875 1096 1914 fint
1130 1883 1348 1927 tangentes
1385 1886 1527 1914 earum
1565 1885 1789 1913 curuarum
1811 1901 1825 1924 ,

230 1949 337 1989 quae
375 1939 568 1978 orientur
603 1951 658 1979 ex
693 1938 946 1980 sectionibus
969 1950 1193 1988 conorum,
1225 1938 1337 1978 factis
1360 1952 1433 1991 per
1453 1937 1571 1991 plana
1593 1937 1826 1988 verticalia,

227 2013 306 2055 per
340 1999 445 2053 ipsas
473 2002 763 2056 longitudines
786 2003 1048 2044 transeuntia.
1116 2002 1281 2043 Verum
1304 2015 1400 2042 cum
1423 2002 1720 2056 semiapertura
1741 2002 1830 2054 pla-

229 2077 385 2105 norum
422 2064 529 2106 bac
564 2076 606 2106 et
639 2080 702 2108 ca
724 2065 763 2119 ὂ,
799 2069 840 2108 id
878 2067 934 2108 est
968 2067 1144 2118 angulus
1165 2081 1205 2118 η,
1242 2067 1383 2107 minor
1417 2066 1465 2106 fit
1500 2066 1673 2120 angulo,
1699 2077 1827 2117 quem

230 2128 361 2169 latera
414 2142 625 2171 conorum
670 2131 712 2172 A
736 2131 832 2172 DB
871 2141 914 2171 et
947 2130 1100 2172 ΑΕΒ
1145 2144 1240 2172 cum
1284 2131 1403 2172 radio
1444 2129 1536 2172 CB
1580 2131 1825 2182 eformant,

230 2192 273 2233 id
311 2193 366 2233 est
402 2195 543 2235 minor
579 2196 736 2249 angulo
773 2196 868 2237 DB
891 2194 945 2247 E,
984 2194 1053 2235 seu
1089 2195 1178 2236 ΕΒ
1202 2194 1261 2244 C;
1298 2205 1341 2237 et
1375 2209 1472 2236 cum
1507 2207 1639 2249 porro
1667 2193 1827 2247 duplex

232 2269 367 2299 conus
403 2258 488 2299 illis
524 2259 662 2314 planis
696 2261 753 2301 ita
790 2259 1080 2317 superimponi
1116 2260 1260 2316 soleat,
1298 2269 1344 2302 vt
1378 2260 1467 2302 eius
1505 2269 1696 2302 centrum
1734 2271 1827 2310 gra·

1724 2331 1830 2362 vita·
