2007 2702
769 214 921 229 ·-·-
955 199 1109 256 (248)
1142 212 1295 231 --

239 313 570 367 permutandum
615 312 693 354 esse
738 314 921 356 videtur.
992 313 1061 357 Sic
1097 328 1135 356 e.
1174 327 1216 368 g.
1253 310 1560 369 appellationes
1598 313 1727 371 istae,
1768 317 1839 374 sal

238 377 421 419 mirabile
458 377 664 430 Glauberi,
690 376 760 433 sal
793 378 1010 434 Seignetti,
1047 393 1124 433 per
1159 379 1198 420 se
1235 381 1412 434 quidem
1448 393 1535 421 non
1571 380 1665 421 sunt
1700 383 1840 425 reiici-

237 444 390 494 endae,
427 453 473 484 vt
505 456 739 484 erroneae:
779 443 913 498 quid?
954 445 1069 499 quod
1106 444 1315 486 laudanda
1350 445 1521 486 videtur
1556 445 1839 503 consuetudo,

237 508 493 549 memoriam
528 509 719 549 virorum
755 509 1011 562 illustrium,
1068 510 1193 550 nouis
1246 509 1372 550 rebus
1424 510 1608 551 inuentis
1656 512 1707 552 de
1753 521 1840 554 arte

241 573 421 626 quadam
460 572 528 612 vel
564 574 732 613 scientia
768 573 1151 625 benemeritorum,
1182 573 1370 628 ipsorum
1390 575 1654 627 nominibus,
1689 576 1842 618 inuen-

236 637 289 676 tis
327 636 407 676 istis
445 637 736 689 apponendis,
772 637 1077 677 conseruandi!
1133 637 1216 678 Sed
1255 638 1448 691 quamuis
1485 639 1699 682 eiusmodi
1736 654 1841 695 cog-

234 710 436 741 nomenta
473 701 514 739 in
552 700 770 740 trastandis
809 700 899 741 aliis
937 700 1118 741 scientiis
1156 711 1281 755 atque
1318 702 1476 743 artibus
1513 717 1549 744 e.
1586 717 1627 758 g.
1672 706 1840 747 botani-

234 777 297 815 ca,
334 762 572 804 adhibenda
608 764 687 804 effe
724 764 885 806 inficias
923 766 983 805 ire
1020 765 1132 806 haud
1168 765 1296 806 aufim
1349 765 1503 818 (notae
1539 769 1653 809 enim
1691 770 1838 812 chara-

232 828 457 868 cteristicae
514 828 751 882 plantarum
804 843 891 870 non
944 829 1109 883 semper
1161 830 1282 871 breui
1336 840 1524 884 aptoque
1577 837 1838 886 cognomine

233 893 550 946 comprehendi
588 894 808 947 poss‘unt):
862 894 911 934 ad
948 904 1082 935 artem
1118 904 1260 935 tamen
1298 895 1622 949 chemicorum,
1662 899 1732 951 qui
1768 913 1841 940 va·

231 957 304 998 riis
343 957 433 998 salis
472 957 689 1011 speciebus
717 989 729 1009 ,
774 968 817 999 et
852 959 893 999 id
931 973 1063 1013 genus
1101 959 1190 1000 aliis
1214 989 1227 1012 ,
1274 961 1446 1001 nomina
1482 961 1706 1015 imponere
1742 964 1840 1016 pos-

233 1022 345 1072 sunt,
382 1022 640 1063 charaetcres
679 1023 936 1064 distindiiuos
974 1038 1125 1066 eorum
1162 1025 1281 1065 fimul
1319 1025 1508 1065 breuiter
1534 1027 1837 1081 exprimentia,

237 1087 313 1126 vix
350 1087 643 1136 admittenda,
679 1089 873 1142 adeoque
911 1088 965 1128 sal
988 1119 1001 1141 ,
1057 1090 1173 1144 quod
1209 1100 1366 1130 vocant
1402 1089 1603 1132 Glauberi
1640 1101 1682 1132 et
1718 1091 1838 1146 Seig-

236 1150 340 1191 netti
365 1181 378 1201 ,
423 1152 557 1205 aptius
581 1151 727 1205 jodam
764 1152 1050 1210 vitriolatam,
1085 1164 1128 1196 et
1162 1153 1444 1211 tai·tar1sata7n
1480 1156 1718 1197 vocandam
1754 1158 1834 1197 effe

233 1214 484 1256 censuerim.

420 1344 471 1395 4)
507 1343 707 1398 Denique
743 1353 786 1385 et
821 1352 911 1386 tum
946 1357 1095 1386 verum
1134 1346 1306 1387 nomina
1342 1346 1494 1386 mutari
1537 1342 1664 1401 posse}
1697 1349 1834 1388 credi-

234 1406 369 1446 derim
393 1435 406 1458 ,
441 1408 469 1447 fi
505 1423 584 1462 pro
622 1408 831 1450 consuetis
869 1410 972 1461 alia,
1019 1411 1209 1451 indolem
1246 1411 1334 1451 eius
1373 1411 1523 1449 melius
1560 1411 1832 1464 penitiusque

234 1471 506 1523 declarantia,
542 1483 666 1526 atque
704 1486 780 1527 per
817 1474 854 1514 se
876 1475 1098 1514 mutationi
1137 1489 1221 1515 non
1259 1474 1448 1515 obnoxia
1484 1474 1719 1527 excogitari
1754 1488 1834 1528 po-

230 1536 401 1576 tuerint.
492 1536 665 1591 Quanto
719 1538 861 1590 plures
915 1539 1028 1580 enim
1076 1540 1133 1580 rei
1171 1539 1390 1580 cuiusdam
1426 1538 1706 1592 proprietates
1744 1552 1830 1579 vno

232 1600 447 1641 vocabulo
488 1601 912 1655 comprehenduntur
947 1613 1072 1656 atque
1110 1605 1420 1657 exprimuntur,
1455 1611 1497 1641 et
1526 1615 1611 1654 quo
1648 1602 1841 1643 stabilio-

232 1676 276 1703 ra
313 1664 405 1704 sunt
441 1665 544 1706 haec
589 1668 796 1718 nomina,
851 1681 904 1708 eo
957 1667 1120 1708 facilius
1175 1670 1299 1708 etiam
1352 1666 1585 1706 memoriae
1640 1668 1829 1708 mandari

228 1728 409 1781 possunt.
451 1728 560 1769 Illud
591 1744 666 1783 per
702 1731 740 1772 se
778 1731 937 1772 clarum
975 1731 1053 1780 est5
1093 1733 1157 1772 ied
1195 1742 1236 1772 et
1270 1730 1341 1770 hoc
1377 1729 1497 1770 facile
1536 1729 1640 1769 mihi
1678 1732 1830 1784 largie-

229 1792 314 1840 ris,
353 1794 453 1833 dum
493 1796 626 1835 modo
663 1796 942 1848 memineris,
979 1809 1057 1836 nos
1093 1796 1322 1836 verborum
1359 1793 1663 1847 significatione
1700 1795 1828 1836 semel

229 1856 430 1909 stabilita,
466 1859 740 1901 addiscendae
777 1860 1088 1902 vocabulorum
1126 1860 1338 1909 varietati,
1373 1872 1426 1898 ex
1462 1871 1611 1898 verum
1648 1859 1711 1899 his
1749 1873 1828 1900 no-

227 1921 413 1962 minibus
451 1923 815 1977 designandarum,
852 1923 1199 1965 viciffitudinibus
1239 1924 1458 1974 oriundae,
1496 1925 1727 1964 commode
1764 1925 1828 1965 su-

227 1983 447 2036 persedere
484 1989 629 2040 poffe3
685 1999 730 2029 vt
783 2000 941 2030 taceam
995 1989 1055 2027 de·
1100 1989 1313 2029 erroribus
1358 2000 1588 2040 rerumque
1633 1989 1740 2028 inter
1786 1989 1824 2031 se

229 2050 616 2101 permutationibus
638 2081 651 2104 ,
691 2053 843 2106 quibus
879 2051 1224 2103 vocabulorum,
1271 2065 1394 2093 vnam
1432 2052 1697 2105 eandemque
1733 2066 1824 2093 rem

230 2113 533 2165 designantium
572 2117 738 2170 farrago
773 2119 883 2157 viam
921 2117 1066 2170 aperit.
1136 2117 1348 2170 Exempla
1384 2129 1466 2156 non
1508 2115 1651 2156 desunt
1691 2118 1823 2158 deno-

224 2177 506 2219 minationum
529 2209 542 2231 ,
597 2194 618 2221 a
654 2182 819 2234 patria,
864 2180 933 2220 vel
970 2180 1071 2220 loco
1107 2183 1267 2234 primae
1304 2181 1598 2230 inuentionis,
1638 2182 1820 2233 colore,

223 2241 514 2293 magnitudine
561 2244 744 2296 effeem,
795 2253 838 2284 et
872 2246 912 2284 id
950 2257 1082 2298 genus
1126 2246 1213 2288 aliis
1254 2245 1456 2286 desumta.
1527 2244 1594 2284 Sic
1649 2246 1820 2285 nomina

221 2304 327 2347 Salis
365 2305 629 2360 Rupellensis
653 2338 666 2362 ,
703 2309 964 2363 Anglicani,
1000 2309 1162 2364 hepatis
1201 2310 1443 2366 sulphuris,
1482 2308 1570 2350 salis
1607 2308 1817 2359 sedatiui,

1751 2386 1819 2413 ca-
