2007 2702
627 229 778 248 -··-
811 202 967 269 (34'5)
999 225 1152 244 --

286 327 402 385 quafi
438 324 749 370 frondescentis
784 326 1026 382 primordia
1061 322 1259 368 ostendit.
1325 324 1431 370 Non
1475 340 1571 372 raro
1612 321 1696 381 fit,

283 404 332 436 vt
366 395 445 436 hac
481 393 705 436 occasione
743 405 800 434 ex
836 402 960 434 aceto
996 394 1040 433 in
1075 391 1173 433 vitri
1210 399 1329 445 parte
1363 405 1492 435 vacua
1544 394 1595 436 ad
1639 394 1701 435 la-

284 466 376 502 tera
410 459 590 512 crystalli
627 456 958 500 acinaciformes
996 458 1239 509 ascendant,
1276 465 1320 497 et
1353 457 1451 497 vitri
1488 459 1701 500 fornicem

287 525 491 567 assecutae
525 523 570 577 in
605 523 786 565 aduerso
824 522 959 564 latere
996 524 1045 564 ad
1083 521 1193 564 aceti
1230 520 1497 576 superficiem
1533 524 1706 564 descen-

286 589 420 637 dant;
466 587 586 642 quod
622 588 974 643 phoenomenon
1011 601 1066 630 eo
1103 586 1258 628 melius
1294 586 1516 638 succedit,
1550 587 1578 626 fi
1614 599 1707 628 ace-

286 662 380 696 tum
413 652 586 694 iamiam
621 653 929 707 coagulatum,
966 654 1010 694 in
1048 652 1121 693 tali
1157 652 1260 693 loco
1295 652 1497 706 ponitur,
1532 650 1605 692 vbi
1640 652 1712 691 ac·-

289 719 347 760 ris
386 719 619 772 temperies
657 731 708 759 ea
744 717 801 757 est
824 746 839 770 ,
875 726 922 759 vt
957 730 1094 772 paruo
1131 717 1222 758 eius
1261 716 1506 758 discrimine
1542 723 1716 758 acetum

285 795 396 824 mox
430 783 664 837 liquefieri,
702 795 809 824 mox
846 782 889 823 in
913 783 1133 835 crystallos
1169 781 1304 834 abire,
1340 781 1548 836 incipiat5
1587 791 1718 834 quam

293 851 387 889 126
421 848 623 904 gradibus
660 848 972 890 thermometri
1008 846 1255 890 Del’Isliani
1281 846 1541 902 respondere
1559 843 1717 900 reperi.

288 975 440 1032 Atque
475 977 583 1020 haec
617 978 713 1019 sunt
746 977 1051 1035 podismum,
1109 990 1215 1033 quae
1269 976 1322 1018 de
1367 975 1477 1019 aceti
1528 973 1718 1031 glacialis

98 1040 434 1099 proprietatibus
471 1043 700 1098 hucusque
736 1044 846 1086 mihi
898 1044 1103 1098 detegere
1158 1042 1314 1094 licuit,
1369 1054 1565 1097 quaeque
1616 1051 1717 1082 cum

96 1108 165 1150 111.
204 1107 342 1150 Acad.
381 1108 704 1150 communicare
741 1122 905 1164 operae
942 1109 1133 1164 pretium
1169 1108 1433 1156 existimaui3
1471 1107 1573 1159 alia,
1610 1116 1718 1159 quae

99 1172 327 1214 'vlteriores
367 1173 418 1214 de
454 1173 541 1214 hoc
577 1184 836 1227 argumento
882 1173 1205 1231 disquifitiones
1256 1185 1379 1215 meae
1421 1172 1531 1215 mihi
1565 1169 1721 1226 suppe-

100 1237 258 1293 ditant,
293 1236 366 1281 alii
402 1237 681 1282 differtationi
714 1238 907 1283 reseruo.

195 2383 319 2431 Noua
332 2385 441 2431 Aac
457 2385 593 2432 Acad.
611 2385 717 2446 Imp.
733 2389 807 2435 Sc.
823 2391 869 2435 T.
888 2391 987 2435 VII.
1281 2392 1322 2434 X
1356 2408 1386 2439 x
1597 2391 1737 2439 DES-
