2007 2702
661 187 1186 247 *sanans

472 313 1356 368 NOVAESPECIES

235 414 448 488 PL
536 414 609 485 A
694 413 764 484 N
853 413 930 485 T
1019 414 1090 484 A
1176 414 1244 486 R
1330 417 1392 486 V
1478 417 1615 497 M3

639 533 1191 579 DESCRIPTAE

910 677 932 707 a

661 761 708 804 Ρ.
760 760 811 804 S.
867 760 1185 804 PALLAS.

464 983 652 1026 Conuem.
694 983 830 1026 exhib.
873 986 937 1026 die
975 998 1030 1036 29
1071 983 1212 1026 Offtob.
1254 996 1390 1036 1792.

117 1149 371 1274 Aliquot
407 1218 579 1261 frutices
615 1218 805 1262 Rossicae
841 1219 996 1262 Florae
1033 1218 1126 1274 post
1161 1218 1274 1260 edita
1309 1217 1448 1272 prIma
1484 1214 1628 1270 operis
1648 1214 1738 1257 Bo-

116 1287 246 1329 tanici
282 1283 548 1336 Volumina,
590 1283 745 1338 quibus
782 1298 935 1326 eorum
973 1297 1240 1338 congeneres
1279 1281 1439 1337 species
1475 1283 1561 1323 iam
1598 1292 1736 1334 expo-

116 1352 215 1394 sitae
251 1349 378 1401 sunt,
414 1363 437 1390 e
472 1348 739 1402 seminibus,
785 1349 951 1403 vulgari
988 1349 1060 1390 sub
1099 1348 1454 1391 denominatione
1491 1344 1737 1387 communi-

119 1418 221 1459 catis
245 1445 258 1468 ‚
309 1414 352 1455 in
389 1414 520 1455 horto
565 1413 681 1455 colui
718 1423 762 1455 et
797 1423 998 1470 tanquam
1037 1428 1169 1456 nouas
1207 1414 1366 1468 species
1404 1411 1575 1465 agnoui.
1647 1408 1733 1450 Eas

118 1483 190 1525 hic
224 1478 348 1522 volui
385 1479 687 1533 Botanophilis
724 1493 978 1534 exponere,
1033 1492 1114 1520 vna
1171 1491 1269 1519 cum
1323 1478 1519 1532 stirpibus
1566 1474 1730 1515 duabus

94 1548 229 1596 aliis„
266 1545 479 1595 nondum,
519 1544 637 1598 quod
674 1544 827 1597 sciam,
865 1544 1104 1598 descriptis„
1145 1556 1323 1598 quarum
1361 1543 1536 1583 alteram
1574 1538 1732 1579 semina

125 1625 148 1652 a
183 1610 401 1663 Chirurgo
437 1609 678 1663 legionario
714 1611 756 1650 in
795 1610 964 1651 transitu
1000 1622 1076 1664 per
1114 1607 1352 1650 Caucasum
1389 1607 1522 1658 lecta,
1558 1604 1737 1647 alteram

127 1687 150 1715 e
185 1675 315 1715 Noua
350 1674 581 1716 Hollandia
627 1688 702 1728 per
737 1675 944 1715 Amicum
981 1673 1303 1716 Londinensem
1346 1681 1519 1728 accepta
1541 1699 1555 1724 ,
1609 1668 1740 1711 dede·

127 1747 240 1781 runt.
308 1736 499 1780 Primum
535 1739 683 1780 locum
719 1740 934 1794 postulat:

913 1870 948 1912 1.

549 1960 922 2045 Amygdalus
966 1962 1358 2046 pedunculata.

727 2086 829 2129 Tab.
870 2085 976 2129 Vm
1009 2096 1046 2128 et
1080 2087 1155 2129 IX.

329 2178 532 2221 fruticem
558 2184 927 2241 elegantiffimum,
966 2199 1094 2240 quem
1115 2184 1317 2225 Gmellnus
1343 2183 1427 2223 sen.
1458 2194 1557 2224 cum
1575 2181 1748 2234 Amyg-

138 2243 237 2286 dalo
272 2257 378 2287 nana
415 2246 628 2301 confudit,
667 2251 985 2306 diligentissimo
1020 2249 1318 2305 Botanophilo
1355 2246 1550 2290 Ludom'co
1587 2247 1748 2296 Ραινὶη,

137 2309 427 2363 Lugdunenfi,
466 2311 690 2366 debemus,
730 2318 801 2370 qui
839 2317 962 2358 illum
1001 2316 1165 2372 primus
1203 2315 1313 2357 circa
1337 2313 1562 2367 Ircutiam,
1587 2312 1640 2354 ad
1660 2311 1753 2353 An-

202 2373 323 2416 Noua
342 2375 447 2417 Aaa
464 2376 594 2420 Acad.
617 2378 719 2433 Imp.
737 2380 808 2422 Sc.
829 2380 876 2422 T.
901 2381 935 2422 V
936 2381 999 2422 11.
1293 2378 1334 2420 Y
1367 2392 1397 2431 y
1628 2384 1750 2429 garae
