2007 2702
778 203 928 228 -·-·-——
962 187 1082 240 <332
1151 203 1300 228 —·-——-

252 303 458 357 quaedam
494 301 602 343 acidi
639 303 850 354 mutatio,
907 302 1023 342 cuius
1063 315 1147 342 non
1185 302 1241 343 est
1277 300 1392 343 nulla
1427 302 1468 342 in
1506 302 1595 344 aliis
1634 304 1844 358 suspici05'

252 369 588 420 pertimescenda
623 368 669 407 fit
706 369 836 408 nulla.
906 367 1021 407 Ante
1060 380 1162 407 vero
1200 380 1325 421 quam
1364 368 1467 407 haec
1504 368 1674 409 vberius
1711 382 1844 422 expo-

249 444 377 484 nam,
416 433 527 473 haud
563 445 659 472 reor
694 433 878 473 alienum
918 432 1010 471 sore
1049 442 1119 471 aut
1155 432 1302 472 inutile
1325 461 1337 482 ‚
1374 431 1613 484 pleniorem
1651 435 1849 486 praemit-

252 505 340 536 tere
377 497 688 550 expositionem
727 498 922 537 dedet-“tae
960 510 978 536 a
1018 509 1084 535 me
1122 496 1253 535 tribus
1291 497 1371 536 iam
1415 497 1567 537 abhinc
1606 498 1722 537 annis
1760 511 1850 537 me-

252 561 374 600 thodi
397 589 409 611 ,
447 571 611 601 acetum
649 562 735 600 x‘ini
775 575 849 614 per
887 560 1233 613 congelationem
1271 562 1607 612 concentrandi,
1647 575 1726 614 qua
1763 561 1848 616 ipsa

251 637 424 678 quoque
461 625 669 664 methodo
708 625 775 663 hic
817 625 1033 675 l'etropoli
1072 625 1113 663 in
1150 624 1499 677 Pharmacopoea
1536 625 1751 678 Imperiali
1789 626 1849 666 a!-

249 689 383 730 cohol
419 689 525 729 aceti
562 688 774 728 conficere
813 689 910 728 inde
948 687 997 727 ab
1033 687 1111 727 illo
1148 696 1342 741 tempore
1388 689 1495 728 mihi
1533 689 1737 731 sollemne
1777 690 1846 731 est.

444 815 479 869 ς.
520 827 560 864 5.
628 815 829 867 Primus,
884 817 953 869 qui
1009 817 1116 857 aceti
1163 814 1322 870 frigore
1360 818 1664 858 concentrandi
1703 809 1848 859 audior

251 880 474 935 suasorque
514 880 629 932 fuit⁷
685 882 764 922 cel.
803 881 986 922 Stahlius
1025 882 1096 921 est.
1166 881 1322 934 Neque
1371 892 1510 922 tamen
1555 882 1732 935 simplici
1771 884 1848 923 hac

251 947 460 986 methodo
498 954 664 985 acetum
701 959 780 999 pro
818 948 992 987 medicis
1032 946 1167 985 vfibus
1205 945 1298 986 satis
1335 956 1655 987 concentratum
1692 947 1849 987 euade-

252 1023 314 1061 re⁷
352 1023 489 1063 neque
527 1010 652 1049 etiam
676 1011 976 1064 heterogeneis
996 1011 1149 1063 priuati
1169 1011 1406 1062 particulis,
1445 1011 1698 1058 videbatur;
1737 1012 1848 1051 vnde

250 1087 446 1127 magnam
484 1075 666 1114 chemici
705 1075 745 1114 in
783 1088 835 1115 eo
859 1076 1182 1116 collocauerunt
1218 1088 1409 1128 operam,
1450 1077 1715 1129 procedendi
1753 1089 1853 1116 mo-

250 1140 353 1179 dum
390 1139 519 1179 alium
556 1150 600 1178 vt
636 1140 891 1190 inuenirent7
929 1153 1015 1192 quo
1052 1140 1271 1193 Vtriusque
1308 1140 1396 1179 voti
1420 1140 1539 1180 simul
1560 1140 1710 1181 fierent
1730 1153 1852 1180 com-

250 1214 391 1258 potes3
431 1216 510 1256 qua
547 1203 586 1242 in
625 1217 668 1243 re
708 1217 833 1257 quam
873 1205 984 1244 felici
1024 1203 1203 1244 successu
1241 1204 1630 1245 cel.Westend0rff
1659 1205 1852 1245 elabora-

251 1269 378 1316 uerit,
416 1267 671 1306 notiiiimum
710 1269 778 1307 est.
818 1268 1013 1321 Contigit
1050 1279 1187 1308 tamen
1225 1269 1330 1309 mihi
1367 1282 1478 1308 :inno
1522 1273 1657 1322 1786,
1694 1278 1739 1309 vt
1758 1281 1852 1309 ace-

254 1342 342 1370 tum
382 1332 431 1371 ad
469 1332 829 1371 concentrationis
884 1334 1062 1385 gradum
1119 1333 1247 1383 longe
1293 1328 1496 1382 majorem
1535 1334 1851 1384 perducerem,

252 1395 474 1448 postquam
498 1423 511 1444 ‚
561 1395 621 1433 rei
659 1397 873 1435 cardinem
911 1398 951 1436 in
991 1395 1236 1436 exaffiffima
1271 1395 1573 1446 particularum
1611 1395 1851 1448 spirituosa-

254 1471 348 1499 rum
385 1458 676 1511 segregatione
715 1460 886 1509 versari7
925 1459 1228 1507 obseruaffim,
1288 1468 1436 1510 vtpote
1477 1471 1583 1511 quae
1619 1458 1679 1497 vti
1717 1458 1852 1511 frigo-

253 1535 299 1564 re
337 1525 469 1575 magis
508 1523 727 1575 magisque
766 1533 1117 1573 coucentrantur,
1162 1523 1216 1562 ita
1252 1522 1443 1562 vlteriori
1481 1522 1661 1574 partium
1699 1536 1852 1576 aquea-

255 1600 348 1627 rum
387 1586 677 1639 congelationi
715 1587 910 1638 obstant,
958 1588 1147 1640 talesque
1185 1587 1303 1626 fimul
1340 1588 1637 1639 excogitassem
1678 1588 1854 1626 enchei-

255 1652 385 1701 reses,
422 1652 574 1703 quibus
611 1651 787 1692 alcohol
823 1654 928 1693 aceti
968 1664 1048 1693 tam
1087 1652 1137 1692 ab
1168 1661 1505 1704 cmpyreumate,
1545 1663 1630 1701 quo
1667 1649 1738 1688 sub
1778 1651 1852 1690 de-

256 1715 490 1756 stillationis
531 1717 721 1767 processu
758 1717 1017 1770 inquinatur,
1058 1729 1181 1769 quam
1220 1716 1268 1756 ab
1292 1715 1378 1755 aliis
1417 1714 1713 1767 heterogeneis
1758 1727 1855 1769 par-

256 1780 396 1820 ticulis
435 1779 727 1833 pei-feminine
763 1781 932 1822 liberari
972 1791 1110 1835 queat.

449 1876 690 1929 Negotium
727 1890 856 1919 omne
894 1879 944 1919 ad
981 1876 1194 1931 sequentia
1231 1876 1362 1916 redit:

452 1971 488 2024 ξ.
529 1976 569 2012 6.
638 1974 764 2014 Aceti
801 1975 905 2026 vini,
943 1973 1111 2027 frigoris
1149 1985 1231 2025 ope
1253 1972 1386 2012 modo
1423 1970 1627 2013 consueto
1666 1985 1853 2014 concen-

259 2033 388 2085 trau,
435 2035 643 2088 quantitas
683 2051 964 2092 quaecunque
1002 2037 1269 2078 destillationi
1306 2036 1571 2078 submittatur
1605 2051 1682 2091 per
1716 2050 1853 2078 retor-

260 2107 347 2140 tam
383 2112 436 2141 ex
472 2101 623 2141 mariae
661 2102 847 2151 balne05
899 2102 1015 2155 prior
1053 2102 1123 2155 qui
1161 2101 1298 2141 transit
1332 2102 1476 2155 liquor
1511 2102 1754 2154 spirituosus
1793 2102 1854 2143 se-

260 2163 384 2203 orfim
422 2164 688 2207 exhibeatur.
757 2166 996 2222 Recipienti
1033 2177 1169 2207 autem
1209 2179 1287 2218 pro
1323 2177 1445 2208 aceto
1482 2166 1726 2221 insequente
1764 2180 1852 2207 non

261 2226 320 2266 est
354 2227 659 2270 substituendus
695 2231 834 2283 alter⁷
886 2230 959 2273 nisi
993 2230 1229 2284 persuasum
1267 2231 1343 2270 tibi
1379 2232 1533 2272 habeas
1555 2260 1568 2281 .‚
1616 2231 1774 2285 liquori
1809 2231 1852 2270 in

260 2300 419 2333 retorta
454 2292 658 2347 superstiti
692 2293 992 2348 particularum
1027 2294 1340 2350 spirituosarum
1381 2297 1465 2338 iam
1510 2295 1619 2338 nihil
1660 2296 1853 2336 inhaere-

789 2362 794 2371 ⁴
1772 2369 1852 2409 re,
