2007 2702
754 212 908 236 =·—··—·
939 195 1096 253 (258)
1127 211 1281 237 =-—··

209 310 438 358 habuerit?
482 309 753 354 nihilosecius
789 311 962 366 plurimi
1000 312 1130 353 hodie
1167 311 1274 365 sunt,
1317 310 1388 366 qui
1425 323 1518 354 eam
1554 323 1609 353 ex
1643 313 1810 357 duobus

211 379 318 421 a'e'ris
355 378 581 433 generibus
617 377 896 431 compositam
934 379 1012 418 esse
1049 377 1304 419 existiment.
1371 402 1418 408 —
1452 377 1638 429 Aerem,
1684 393 1810 432 quem

210 445 359 486 dicunt
394 444 547 495 fixum,
584 443 653 483 vel
689 444 856 484 acidum
894 445 1062 483 aereum
1101 456 1123 483 e
1158 442 1377 484 substantia
1414 442 1658 483 carbonaria
1687 454 1811 495 atque

210 508 431 563 oxygenio
468 507 702 549 constatum
739 508 818 548 effe
856 508 1143 548 contendunt!
1201 506 1309 562 Quis
1355 520 1461 547 vero
1498 507 1682 548 nostrum
1719 507 1815 548 sub-

207 573 397 615 stantiam
432 573 548 615 illam
587 572 896 623 carbonariam,
934 585 1059 623 quam
1096 572 1221 613 acido
1252 574 1377 612 a'e'reo
1405 571 1530 612 inesse
1559 573 1813 624 existimant,

205 637 400 678 sensuum
438 649 568 690 opere
605 636 824 688 percipere
860 634 1035 689 potuit?
1056 635 1138 688 (*)
1193 635 1341 690 Quum
1368 636 1510 690 itaque
1534 637 1658 678 acido
1688 640 1815 678 a'e‘reo

204 701 360 754 inesse,
409 714 505 741 cum
544 699 776 740 ratiociniis
814 709 977 739 tantum
1015 699 1292 739 demonstrari
1329 710 1479 753 queat3
1532 701 1636 741 haec
1671 715 1815 754 vero,

208 765 363 819 quibus
401 774 489 805 tota
526 764 841 818 argumentatio
878 763 1088 815 innititur⁷
1123 763 1344 804 ratiocinia
1381 777 1466 804 non
1504 765 1681 805 cuilibet
1715 767 1817 806 arri-

206 830 324 881 dere,
360 826 429 869 sed
467 829 704 870 addubitari
741 828 905 878 adhuc,
946 828 1045 881 quin
1088 828 1261 868 refutari
1302 828 1475 883 possint5
1521 841 1704 883 cumque
1743 839 1817 870 de·

207 906 326 934 mum
365 894 591 934 corollaria
625 894 795 947 prorsus
833 892 910 933 alia
946 905 1001 932 ex
1037 892 1161 932 rebus
1200 892 1321 944 faeti,
1369 893 1523 948 quibus
1558 906 1657 934 vera
1692 907 1820 947 argu-

206 959 416 999 mentatio
456 969 668 1011 tamquam
708 958 988 998 fundamento
1025 956 1246 1009 superstrui
1284 957 1442 1010 debet,
1478 957 1633 998 elicere
1668 958 1814 999 liceat:

206 1023 383 1064 nomina
430 1035 604 1077 quoque
649 1023 778 1074 talia,
835 1024 931 1076 quia
975 1022 1025 1062 ad
1071 1022 1172 1062 haec
1210 1023 1406 1076 propriae
1443 1022 1660 1076 opinionis
1698 1035 1819 1062 com-

207 1097 351 1128 menta
388 1087 446 1139 (s.
485 1087 764 1141 hypothesis)
802 1087 1128 1128 adcommodata
1165 1087 1281 1138 sunt,
1317 1101 1394 1141 per
1429 1087 1468 1127 se
1504 1087 1739 1138 mutabilia,
1775 1096 1819 1127 et

207 1165 319 1193 nunc
365 1161 408 1192 et
452 1151 557 1191 olim
605 1161 819 1193 retentum
857 1152 906 1192 iri
943 1152 1015 1191 vix
1053 1164 1097 1192 ac
1136 1165 1186 1192 ne
1224 1153 1297 1192 vix
1335 1152 1506 1206 quidem
1545 1151 1817 1192 crediderim.

209 1216 441 1259 Scieutiam
477 1229 599 1267 vero,
641 1229 747 1269 quae
784 1216 824 1255 in
864 1216 1148 1269 inuestigauda
1184 1229 1326 1257 rerum
1362 1217 1642 1257 materialium
1674 1226 1818 1256 natura

207 1278 415 1328 versatur,
452 1281 817 1320 nomenclaturam
855 1280 1092 1331 requirere,
1131 1294 1255 1331 quam
1295 1282 1479 1320 maxime
1514 1281 1660 1329 fixam,
1698 1280 1819 1320 stabi-

210 1343 300 1385 lem
336 1353 463 1396 atque
500 1343 832 1395 immutabilem,
869 1344 986 1397 supra
1021 1342 1103 1383 iam
1127 1341 1221 1382 satis
1241 1343 1408 1383 evicisse
1430 1343 1552 1382 nobis
1576 1344 1786 1382 videmur.

408 1469 637 1512 Caeterum
677 1479 839 1512 tantum
877 1470 1012 1521 abest,
1057 1480 1102 1510 vt
1136 1483 1210 1521 ea,
1247 1483 1352 1524 quae
1390 1483 1474 1509 non
1513 1468 1647 1509 solum
1687 1481 1820 1522 expe-

211 1534 362 1578 rientia
399 1535 539 1587 duce,
577 1536 646 1576 sed
684 1535 1008 1576 ratiociniorum
1049 1547 1132 1588 ope
1168 1534 1516 1588 cognoscuntur,
1555 1546 1726 1586 quoque
1765 1533 1816 1572 ad

211 1600 427 1641 scientiam
466 1600 704 1641 cliemicam
743 1599 955 1653 pertinere
993 1612 1162 1651 negem⁷
1198 1609 1243 1639 vt
1277 1599 1418 1652 potius
1457 1599 1496 1637 in
1529 1596 1621 1649 ipsis
1644 1597 1817 1636 ratioci-

212 1665 295 1705 niis
331 1664 413 1704 istis
450 1664 610 1716 ingenii
647 1677 843 1714 acumen⁷
872 1664 1222 1717 sagacitatemque
1258 1664 1551 1703 cliemicorum
1590 1661 1816 1713 praecipue

213 1728 366 1780 cerni,
404 1728 644 1783 iisdemque
681 1728 897 1769 scientiam
933 1728 1113 1768 nostram
1150 1726 1326 1767 mirifice
1364 1725 1541 1778 augeri,
1578 1724 1816 1778 perlnasnm

213 1793 410 1835 habeam.
495 1793 596 1834 Hoc
641 1805 770 1833 vnum
808 1794 1107 1833 tantummodo
1145 1791 1404 1832 contendere
1441 1789 1602 1838 aialim,
1660 1789 1700 1829 in
1738 1789 1818 1828 fin-

213 1857 367 1911 gendis
405 1870 544 1897 rerum
582 1857 861 1899 materialium
899 1853 1334 1906 denominationibus,
1369 1867 1446 1895 nos
1484 1853 1659 1894 minime
1689 1854 1819 1894 ratio-

215 1922 356 1974 ciniis,
393 1921 548 1975 quibus
582 1923 733 1965 eadem
769 1922 972 1974 nitantur,
1007 1919 1105 1960 duci
1140 1918 1311 1958 debere.

1757 1981 1818 2022 Et

1493 2079 1579 2086 —-

315 2134 382 2182 (*)
432 2134 527 2170 Sunt
551 2142 672 2170 tamen
699 2133 896 2181 nonnulli,
924 2136 988 2181 qui
1014 2132 1235 2170 existentiam
1263 2137 1342 2170 eius
1367 2132 1458 2169 adeo
1485 2131 1682 2180 persuasam
1710 2131 1820 2168 habe-

421 2193 496 2230 ant,
524 2192 565 2220 vt
591 2183 800 2220 dummodo
825 2182 918 2220 acidi
945 2183 1039 2220 illius
1067 2184 1266 2220 carbonarii
1293 2187 1424 2225 (euius
1452 2191 1548 2219 tanta
1575 2185 1703 2229 copiae
1729 2178 1819 2217 inest

421 2241 538 2269 terrae
572 2234 744 2270 calcariae
760 2261 773 2280 ‚
812 2244 906 2281 quae
938 2233 1076 2281 vbique
1102 2242 1276 2270 terrarum
1305 2232 1454 2281 copiose
1479 2230 1816 2279 deprehenditur,)

420 2280 611 2318 substantia
649 2287 837 2331 oxygenia
862 2295 882 2318 a
908 2283 1117 2320 carbonaria
1149 2283 1298 2331 separari
1324 2281 1456 2330 pollst,
1497 2284 1652 2318 eximios
1679 2293 1724 2316 ex
1749 2279 1817 2314 hae

423 2342 464 2367 re
490 2330 534 2366 ad
561 2343 795 2368 oeconomos
821 2336 1016 2380 praecipue
1041 2332 1178 2369 fruehis
1194 2333 1475 2378 redundaturos,
1503 2330 1726 2376 eosdemque
1743 2339 1818 2364 ma-

421 2383 513 2418 teria
538 2379 796 2430 combustibili‚
821 2381 954 2420 alendo
977 2386 1055 2433 igni
1081 2392 1172 2433 apta,
1202 2382 1449 2420 abundaturos
1477 2380 1546 2418 effe
1566 2379 1794 2416 arbitrentur.
