2007 2702
767 209 918 225 ....
952 193 1107 250 (262)
1139 204 1292 224 ....

229 311 384 365 secuti,
421 310 472 352 ad
510 308 811 364 defignandum
847 311 901 352 sal
938 310 1125 354 Gauberi
1161 318 1337 352 vtuntur
1372 320 1483 350 voce
1505 337 1518 361 ,
1544 306 1650 363 soda
1684 308 1826 350 vitrio-

229 375 352 425 lata3
408 376 524 431 quod
576 375 644 416 alii
696 388 800 416 vero
854 377 1005 417 redtius
1042 375 1263 417 vitriolum
1290 374 1419 430 sodae
1454 373 1656 428 appellari
1693 373 1832 415 existi-

228 450 380 489 mant;
437 452 561 495 quam
609 440 781 494 quidem
819 441 1151 495 appellationem
1187 441 1237 481 ab
1273 439 1404 481 acidis
1427 469 1440 491 ,
1495 438 1565 479 vel
1600 437 1828 481 substantiis

229 504 310 556 iis,
347 518 453 559 quae
489 504 710 545 acidorum
748 504 893 545 locum
931 515 1101 556 tenent,
1138 505 1388 558 repetitam,
1423 503 1550 544 etiam
1587 503 1829 545 nouissimae

228 569 579 611 nomenclaturae
630 570 819 610 auctores
872 569 1196 623 praeferendam
1231 569 1310 609 effe
1346 567 1615 621 existimant,
1670 568 1830 623 quippe

231 633 304 687 qui
341 633 502 683 dicunt,
527 630 642 685 sulfis
678 632 876 685 potass‘ae,
915 645 1000 672 non
1038 635 1211 685 potafla,
1246 632 1454 673 sulfur-ica.
1494 633 1603 674 Vter
1639 632 1836 673 denomi-

229 697 358 739 nandi
395 696 550 736 modus
588 695 891 747 praeferendus
927 695 1007 747 fit,
1045 695 1345 749 philosophica
1381 698 1440 736 rei
1477 696 1600 749 ipsius
1639 708 1835 738 contem·

226 761 441 816 piatione,
476 758 548 798 nisi
585 769 721 810 certa,
768 759 979 812 probabili
1017 769 1156 800 tamen
1194 759 1382 811 ratione,
1428 760 1568 799 dirimi
1605 763 1727 814 possit
1762 774 1836 803 ne·

230 824 337 864 ceffe
374 823 443 864 est.
482 823 620 864 Acida
659 824 831 877 quidem
870 834 911 864 et
947 825 1011 864 his
1048 823 1219 874 similia,
1256 836 1348 865 eam
1386 823 1442 864 ob
1480 826 1654 864 causiam
1692 826 1833 878 primo

228 888 351 939 loco,
388 898 430 928 et
467 887 603 928 forma
640 888 888 929 substantiua
926 889 1135 930 nominari
1172 889 1387 940 videntur,
1427 890 1523 941 quia
1552 893 1836 942 comparatio-

228 965 282 994 ne
320 953 423 993 sardia
461 965 558 992 cum
595 952 672 1003 iis,
713 966 817 1005 quae
855 953 982 994 acidis
1022 963 1149 1007 nupta
1185 952 1304 1005 sunt,
1348 966 1384 993 e.
1423 966 1463 1007 g.
1502 954 1594 995 salia
1632 955 1835 1007 alcalina,

230 1027 384 1069 terrae,
421 1018 608 1068 metalla,
646 1016 876 1059 efficatiora
914 1019 1126 1059 videntur.
1183 1017 1264 1059 Sed
1304 1017 1393 1058 fieri
1431 1018 1556 1059 etiam
1594 1020 1706 1072 poffe
1744 1033 1835 1060 cre-

231 1081 412 1122 diderim
435 1110 448 1133 ,
492 1091 538 1121 vt
573 1082 677 1122 haec
715 1081 799 1135 ipsa
837 1083 973 1123 maior
1008 1083 1228 1123 acidorum
1266 1083 1449 1123 efficacia
1486 1083 1583 1123 inde
1622 1085 1835 1136 pendeat,

233 1147 350 1199 quod
388 1145 600 1187 elementa
638 1159 787 1186 eorum
828 1161 911 1188 non
949 1148 990 1187 in
1027 1147 1126 1187 statu
1165 1148 1434 1189 immediatae
1458 1148 1738 1200 colmefionis,
1767 1147 1836 1190 sed

231 1210 314 1250 iam
351 1210 522 1263 phyfice
559 1212 745 1251 inuicem
783 1211 965 1265 separata
1002 1223 1073 1252 aut
1108 1212 1332 1264 dissoluta,
1385 1211 1454 1252 vel
1490 1211 1632 1253 saltem
1681 1215 1836 1266 quouis

231 1274 369 1314 fluido
409 1275 528 1314 facile
568 1274 792 1325 solubilia,
853 1276 1257 1327 deprehendantur;
1313 1287 1515 1316 terrarum
1570 1287 1709 1317 autem
1757 1291 1836 1318 nec

232 1351 321 1380 non
361 1338 635 1378 metallorum
671 1339 898 1389 elementa,
935 1339 1155 1379 aretiffimo
1191 1351 1304 1378 nexu
1342 1339 1450 1378 inter
1486 1338 1524 1378 se
1561 1339 1645 1391 ipsa
1680 1342 1836 1381 cohae-

235 1404 403 1443 rentia:
442 1403 570 1455 (quae
612 1403 784 1455 quidem
820 1416 955 1443 nexus
994 1403 1229 1443 immediati
1266 1403 1338 1442 vix
1375 1402 1531 1452 obstat,
1573 1416 1658 1455 quo
1697 1404 1834 1444 minus

236 1467 281 1506 in
322 1465 421 1506 alias
460 1478 524 1505 res
561 1476 823 1519 operentur,
870 1467 1069 1519 quoniam
1107 1467 1284 1507 affinitas
1320 1466 1389 1507 vel
1426 1466 1613 1506 attraRio
1639 1468 1833 1520 partium

234 1531 347 1571 inter
383 1529 422 1569 se
452 1530 582 1584 longe
618 1530 754 1571 maior
791 1530 1029 1584 fortiorque
1065 1531 1136 1582 est,
1175 1544 1299 1585 quam
1336 1543 1486 1571 omnes
1522 1530 1620 1571 alias
1658 1531 1837 1572 substan-

234 1596 312 1636 tias
349 1594 547 1647 versus),
584 1606 702 1636 antea
739 1594 776 1634 se
815 1595 930 1648 iungi
968 1605 1010 1635 et
1047 1596 1192 1648 aliquo
1230 1596 1380 1646 modo,
1417 1593 1506 1634 aliis
1541 1594 1652 1634 inter
1684 1595 1830 1647 positis

234 1658 412 1713 separari
465 1659 839 1700 aut‘diffolubilia
891 1659 981 1699 fieri
1027 1660 1243 1711 debeant,
1294 1660 1542 1713 priusquam
1594 1660 1831 1711 potentiam

234 1723 349 1764 suam
385 1724 427 1762 in
465 1724 562 1764 alias
602 1723 839 1764 snbstantias
877 1725 1087 1765 declarare
1125 1725 1289 1778 poffint.
1348 1722 1487 1776 Quam
1526 1723 1701 1775 quidem
1739 1725 1833 1778 opi-

234 1789 412 1828 nionem
451 1799 594 1828 natura
631 1788 738 1829 acidi
775 1788 1091 1842 phosphorici,
1136 1787 1242 1841 ignis
1280 1786 1549 1827 vehementia
1587 1786 1694 1839 fufi,
1733 1802 1833 1842 pro-

236 1851 423 1894 babilem
462 1853 635 1903 reddit,
684 1852 839 1907 qnippe
878 1854 994 1906 quod
1033 1853 1103 1892 sub
1139 1851 1233 1891 vitri
1272 1851 1406 1904 specie
1445 1850 1531 1891 fere
1568 1851 1828 1905 insolubile,

234 1930 313 1956 nec
349 1917 517 1957 acidum
554 1918 746 1968 videtur,
782 1918 1021 1957 aciditatem
1058 1927 1159 1956 vero
1196 1914 1335 1955 cursus
1372 1916 1516 1969 prodit
1551 1915 1720 1957 simulac
1756 1931 1833 1971 per

234 1979 469 2020 carbonum
506 1982 729 2034 puluerem
766 1983 805 2021 in
828 1982 1125 2035 phosphorum
1163 1980 1392 2032 redatfhlm,
1432 1980 1724 2034 comburatur,
1760 1981 1830 2021 vel

234 2045 392 2084 vitrum
431 2044 536 2085 illud
573 2045 690 2086 asale
727 2047 906 2087 alcalino
942 2044 1199 2085 differuntur.
1240 2043 1406 2099 Quanta
1441 2045 1489 2085 fit
1517 2045 1700 2087 efficacia
1738 2045 1831 2086 sub-

236 2108 477 2149 stantiarum
513 2110 820 2152 metallicarum
845 2140 858 2162 ,
901 2122 985 2150 non
1022 2108 1268 2149 immediato
1305 2123 1416 2151 nexu
1452 2110 1638 2151 inuicem
1677 2110 1831 2151 cohae-

236 2173 425 2213 rentium
450 2204 461 2226 ,
497 2187 550 2214 ex
587 2175 728 2215 multis
765 2174 1071 2229 phaenomenis
1109 2174 1314 2226 adparet,
1350 2187 1405 2215 ex
1444 2174 1622 2228 quibus,
1662 2183 1708 2215 vt
1741 2187 1830 2215 rem

237 2237 442 2289 exemplo
478 2239 695 2290 illustrem,
733 2241 782 2280 ad
812 2238 1073 2279 mortiferam
1113 2238 1225 2278 illam
1261 2239 1348 2279 vim
1385 2238 1592 2280 sublimati
1630 2237 1830 2280 coi-rosini

236 2313 435 2354 prouoco
461 2329 474 2356 ,
526 2315 631 2356 quae
669 2315 721 2343 eo
758 2304 891 2358 magis
928 2302 1115 2344 miranda
1150 2303 1286 2345 videri
1320 2304 1488 2360 potest,
1540 2317 1634 2345 cum
1680 2304 1828 2343 eadem

1720 2366 1828 2407 acidi
