2007 2702
687 211 842 224 ·—·
875 193 1030 252 (259)
1061 210 1217 225 ········

345 309 405 353 Et
443 323 571 366 quem
608 312 794 367 denique
831 312 1011 353 fructum
1048 326 1104 354 ex
1138 310 1328 354 eiusmodi
1363 312 1639 368 nominibus,
1695 312 1760 356 in-

150 388 312 421 ternam
358 391 499 419 rerum
544 388 735 420 naturam
779 377 1118 432 exprimentibus
1163 377 1215 418 ad
1258 389 1337 418 nos
1374 378 1609 421 redundare
1647 380 1760 421 arbi-

150 442 345 486 tremur?
390 443 630 492 Tironem,
668 441 805 483 forsan
844 443 1022 494 dixeris,
1061 453 1252 484 naturam
1289 441 1467 484 alicuius
1504 445 1565 484 rei
1601 446 1760 498 (quam

149 520 289 551 tamen
327 508 491 561 semper
527 506 700 548 dubiam
737 517 864 561 atque
900 508 1144 562 ambiguam
1182 509 1261 549 effe
1300 507 1573 561 concedes,>
1625 509 1760 551 statim

146 575 406 630 perspectam
442 570 599 612 habere
622 600 636 624 ,
688 573 932 614 dummodo
969 573 1039 615 vel
1076 586 1235 614 nomen
1272 573 1432 628 ipsius,
1479 573 1530 614 acl
1567 572 1760 615 indolem

146 641 207 681 rei
244 637 643 689 adcommodatum,
679 638 888 678 memoria
926 638 1182 692 complexus
1215 638 1356 679 fuerit.
1426 637 1488 679 At
1508 651 1630 690 vero,
1653 652 1759 693 quae

145 718 201 746 ex
238 704 328 744 solo
367 703 542 743 nomine
581 703 773 743 hauritur
808 702 986 743 alicuius
1023 703 1084 743 rei
1123 703 1307 754 notitia,
1352 703 1584 757 perexigua
1621 715 1664 744 et
1699 704 1764 743 ni-

143 769 220 810 hili
261 772 347 810 fere
384 768 609 821 pendenda
645 768 830 808 videtur.
902 767 972 809 Sic
1010 767 1077 809 vel
1115 767 1199 821 ipsa
1236 768 1534 809 denominatio
1556 768 1645 819 illa,
1682 769 1767 809 aei-

142 834 233 874 dum
258 831 496 889 sulfurlcum
518 862 530 884 ,
578 846 702 886 quam
742 846 820 886 pro
857 832 983 873 acido
1023 833 1242 873 vitriolico
1279 833 1579 873 substituerunt
1616 846 1766 874 recen-

142 900 272 939 tiores
298 926 310 950 ,
354 897 487 938 statim
526 898 681 938 docere
721 899 848 938 debet
883 898 1044 938 tirones
1068 927 1081 950 ,
1127 898 1171 938 in
1208 897 1333 939 acido
1372 898 1446 938 isto
1486 898 1618 938 fulfur
1654 912 1765 950 oxy-

142 963 270 1017 genio
309 963 496 1004 iunc'tum
535 962 780 1010 contineri;
837 963 959 1002 cuius
1000 974 1141 1003 tamen
1165 993 1178 1015 ,
1234 963 1260 1003 fi
1298 963 1368 1004 vel
1408 963 1596 1004 maxime
1633 963 1688 1005 ita
1725 963 1764 1004 se

140 1028 327 1078 habeat,
373 1028 568 1068 notitiam
606 1041 660 1068 ex
696 1028 1048 1068 denominatione
1087 1028 1313 1069 oriundam
1336 1056 1350 1079 ,
1396 1030 1590 1070 nondum
1627 1028 1765 1082 appli-

142 1106 253 1144 care,
290 1101 333 1133 et
368 1092 408 1133 in
447 1092 566 1133 vsum
603 1093 722 1132 suum
759 1102 1012 1133 conuertere
1049 1093 1231 1147 poterit!
1271 1092 1435 1148 Quodsi
1464 1106 1571 1135 vero
1599 1094 1762 1135 tirones

139 1157 368 1199 vlteriores
412 1157 454 1198 in
500 1167 586 1198 arte
633 1157 827 1198 chemica
865 1158 1118 1199 addiscenda
1154 1159 1237 1199 iam
1277 1158 1453 1199 feterint
1487 1159 1763 1213 progressus,

139 1224 339 1263 notitiam
379 1233 549 1263 naturae
586 1235 763 1274 rerum,
799 1223 926 1264 etiam
965 1223 1126 1276 absque
1165 1224 1379 1263 eiusmodi
1417 1225 1629 1275 nomine,
1666 1237 1766 1264 ean-

140 1287 238 1326 dem
276 1287 564 1339 exprimente,
602 1286 674 1325 fibi
712 1287 881 1327 iamiam
919 1286 998 1327 alia
1036 1289 1198 1328 ratione
1233 1297 1608 1341 comparauerunt.
1677 1288 1764 1330 Sed

136 1350 165 1392 fi
201 1351 271 1391 vel
307 1350 493 1392 maxime
531 1352 820 1393 concedamus
845 1380 858 1403 ,
912 1352 1012 1393 illos
1050 1353 1092 1393 in
1129 1352 1339 1394 discendis
1377 1353 1525 1407 primis
1564 1353 1763 1395 scientiae

136 1416 398 1467 elementis,
451 1429 507 1456 ex
551 1417 767 1457 eiusmodi
815 1417 1064 1458 nominibus
1102 1431 1179 1472 per
1217 1418 1253 1458 se
1292 1417 1555 1459 adiuuandae
1593 1431 1764 1459 memo-

135 1481 221 1522 riae
259 1480 514 1535 praesidium
551 1481 721 1534 grauius
759 1495 909 1535 capere
947 1483 1086 1536 poffe5
1124 1495 1169 1522 re
1207 1492 1349 1522 tamen
1385 1482 1621 1524 accuratius
1656 1495 1764 1523 con-

137 1545 345 1599 fider-ata,
392 1559 524 1587 nouas
549 1575 561 1597 ,
611 1558 768 1600 easque
805 1547 936 1600 longe
974 1547 1193 1600 grauiores
1230 1546 1479 1588 ediscendae
1523 1548 1621 1589 artis
1659 1548 1761 1589 che-

142 1610 274 1651 micae
312 1611 524 1652 molestias
561 1610 717 1651 exinde
754 1612 956 1652 oriundas
993 1611 1098 1665 effe,
1138 1625 1267 1653 nemo
1305 1611 1468 1654 inficias
1506 1613 1566 1654 ire
1603 1613 1757 1667 potest,

145 1674 216 1728 qui
253 1677 528 1729 meminerit,
565 1675 792 1728 chemico,
830 1675 1031 1728 (fimulac
1070 1690 1183 1719 noua
1219 1678 1544 1720 nomenclatura
1579 1679 1759 1734 excogi-

143 1749 226 1780 tata
264 1738 436 1793 fuerit,)
487 1753 576 1782 non
613 1742 751 1782 solum
788 1754 926 1783 nouae
963 1742 1064 1783 huic
1102 1752 1229 1798 atque
1266 1743 1483 1796 faciliori,
1518 1744 1589 1784 sed
1627 1744 1758 1785 etiam

143 1803 390 1857 antiquiori,
425 1805 652 1861 eidemque
689 1807 830 1847 minus
868 1816 989 1861 aptae
1025 1808 1356 1863 terminologiae
1393 1822 1569 1863 operam
1602 1822 1759 1851 nauan-

143 1870 238 1910 dam
276 1868 380 1915 effe;
433 1868 638 1923 fiquidem
674 1882 871 1913 veterum
907 1872 1055 1926 libris,
1092 1873 1325 1915 secuudum
1362 1874 1653 1928 antiquiorem
1689 1874 1757 1916 lo-

143 1932 302 1988 quendi
340 1945 507 1973 motem
543 1938 825 1993 conscriptis,
884 1939 1005 1979 nullo
1042 1939 1177 1980 modo
1215 1938 1754 1994 supersedere'poffumus.

141 1998 263 2040 Idem
301 1997 443 2052 itaque
480 2001 726 2055 negotium,
764 2003 1002 2058 eademque
1040 2017 1170 2059 opera
1207 2005 1337 2047 tironi
1374 2017 1487 2045 nunc
1522 2004 1754 2058 incumbit,

145 2076 251 2119 quae
289 2062 396 2103 olim
430 2060 603 2105 Scheelii
637 2076 680 2107 et
712 2066 959 2122 Bergmanm'
993 2069 1235 2124 discipulis;
1288 2079 1332 2111 et
1366 2069 1598 2111 leuamenti
1634 2069 1756 2122 loco,

145 2127 262 2183 quod
299 2128 337 2168 ei
375 2128 577 2182 praestare
614 2131 777 2174 animus
813 2143 934 2187 erat,
988 2134 1159 2190 insuper
1200 2134 1366 2177 accedit
1401 2148 1549 2188 noua,
1603 2147 1755 2176 recens

140 2197 358 2235 inuentam
395 2196 680 2247 praeceptoris
705 2227 717 2251 ,
758 2200 952 2252 quamuis
987 2200 1036 2241 fit
1068 2199 1300 2258 facillima,
1336 2208 1380 2243 et
1414 2199 1596 2259 optima,
1632 2199 1752 2243 addi·-

140 2258 283 2301 scendi
320 2258 682 2315 tei-minologiam.
748 2263 865 2307 Vide
911 2265 1047 2322 supra.

887 2392 1038 2437 Kk2
1710 2388 1756 2444 54
