2007 2702
771 237 919 265 ==
955 220 1110 276 (282)
1143 240 1295 267 ==

238 336 381 371 cutem
418 329 652 372 distinetum
688 342 710 373 a
745 343 867 385 cute,
904 335 1226 390 distinetumque
1262 349 1284 377 a
1320 335 1550 388 cellulosa,
1586 335 1828 381 substantiae

234 393 404 435 stratum
441 395 522 449 (a)
543 424 557 447 ‚
599 397 714 449 quod
751 399 916 440 mediae
954 401 1068 454 quafi·
1098 401 1206 442 inter
1242 410 1385 442 cutem
1415 411 1457 441 et
1484 401 1729 442 cellulosam
1758 417 1834 445 na-

233 466 386 511 turae,
439 469 480 500 at
522 460 654 513 duplo
699 461 835 503 saltim
879 474 975 505 cute
1022 466 1183 507 craffius
1229 465 1299 506 est.
1388 464 1510 506 Cutis
1546 478 1623 519 per
1657 478 1832 507 omnem

233 521 348 563 suam
385 522 665 576 substantiam,
702 527 889 568 exterius
926 530 1207 583 interiusque,
1242 530 1423 571 eandem
1459 530 1704 571 denfitatem
1734 543 1833 570 ean-

233 586 419 640 demque
456 586 698 629 firmitatem
736 591 897 642 habet,
950 606 1090 646 neque
1127 594 1267 634 laxior
1302 603 1372 634 aut
1406 594 1582 635 mollior
1617 604 1687 635 aut
1720 595 1833 635 solu-

233 649 363 690 bilior
398 650 541 690 senfim
578 651 620 690 in
656 652 825 692 stratum
861 654 968 695 illud
1004 655 1310 696 subcutaneum
1346 657 1444 699 abit.
1513 657 1601 701 Sub
1631 659 1716 700 hoc
1737 658 1834 699 stra-

231 721 323 753 tum
359 714 488 767 adeps
524 714 761 757 collocatus
798 716 854 757 est
892 718 979 771 (b)
1002 747 1015 771 ‚
1051 732 1106 760 ex
1142 719 1368 760 moleculis
1405 721 1492 762 fere
1528 723 1740 775 rotundis,
1762 722 1832 764 seu

230 776 367 829 glebis
404 777 447 817 in
484 778 661 819 homine
699 781 907 833 constans,
949 796 1049 837 quas
1085 796 1217 837 porro
1253 784 1475 836 veficulae,
1511 785 1691 826 fluidum
1727 799 1833 827 con-

230 840 449 893 tinentes,
483 842 527 882 in
564 856 738 897 aggeres
776 846 1031 899 congestae,
1068 847 1273 888 efficiunt.
1341 848 1515 889 Deinde
1554 849 1722 903 adipis,
1763 860 1834 892 aut

229 904 475 957 cellulosae,
512 906 680 947 stratum
717 908 920 964 sequitur,
958 912 1073 965 quod
1111 913 1266 952 merito
1303 913 1485 954 tunicam
1524 913 1739 967 adiposam
1768 915 1832 954 di-

229 981 317 1021 cas,
354 969 404 1010 ab
441 970 565 1025 adipe
603 984 742 1024 mem,
776 975 818 1014 in
859 976 1090 1016 moleculas
1129 976 1347 1029 congesto,
1386 978 1614 1029 diuersum,
1641 980 1832 1020 tenacius

228 1032 307 1074 illo
344 1043 388 1074 et
423 1034 557 1087 magis
597 1037 782 1089 trac'tile,
827 1039 960 1079 verbo
996 1042 1089 1093 plus
1127 1040 1351 1082 cellulosae
1390 1042 1520 1082 dietae
1557 1041 1832 1097 substantiae,

228 1099 368 1138 minus
404 1098 701 1153 veficularum,
736 1105 1018 1156 proportione
1047 1105 1178 1156 illius,
1216 1118 1342 1158 quam
1380 1119 1521 1146 merus
1560 1107 1688 1160 adeps
1726 1119 1832 1147 con-

228 1162 383 1203 tinens.
452 1162 495 1203 A
531 1164 672 1205 tunica
708 1167 876 1219 adiposa
912 1170 1152 1209 communis
1191 1169 1381 1221 demum,
1423 1183 1529 1224 quae
1565 1171 1677 1224 ipsos
1716 1183 1833 1212 mus-

229 1225 354 1267 culos
391 1227 513 1278 tegit,
550 1240 713 1280 eosque
750 1240 792 1270 et
828 1231 1053 1274 fasciculos
1091 1243 1134 1275 ct
1169 1233 1293 1277 fibras
1329 1247 1480 1276 eorum
1506 1235 1710 1289 inuoluit,
1745 1235 1832 1277 cel-

228 1288 365 1332 lulosa
407 1290 693 1332 contInuatur.

425 1386 567 1440 Cutis,
606 1404 732 1442 quam
767 1394 941 1446 proprie
976 1394 1030 1434 fic
1067 1394 1198 1445 dicas⁷
1230 1406 1334 1448 quae
1371 1393 1599 1447 quintuplo
1635 1401 1705 1434 aut
1740 1393 1832 1434 sex-

229 1448 354 1503 tuplo
398 1452 666 1504 epidermide
713 1455 880 1495 craffior
922 1457 1002 1507 est,
1039 1458 1122 1511 (c)
1160 1466 1318 1510 tenax,
1357 1459 1459 1498 dura
1500 1466 1542 1497 et
1578 1457 1701 1499 densa
1736 1457 1832 1497 sub-

227 1513 373 1554 stantia
417 1516 488 1556 est.
556 1517 777 1558 Nimirum
825 1519 1038 1561 difficilius
1075 1522 1319 1562 extenditur
1354 1530 1397 1562 et
1431 1521 1504 1562 fibi
1541 1529 1631 1562 tum
1666 1521 1830 1562 remissa

229 1577 393 1620 elastica
431 1579 468 1620 se
506 1581 698 1621 restituit.
774 1582 837 1623 At
871 1585 1146 1626 duCtililatem
1182 1587 1257 1627 vix
1291 1585 1420 1627 vllam
1455 1584 1598 1626 habet.
1666 1585 1715 1625 In
1762 1585 1828 1626 his

228 1643 565 1695 proprietatibus
603 1646 833 1699 epidcrmis
871 1659 1014 1689 cutem
1051 1651 1176 1690 etiam
1212 1649 1390 1704 superat.
1456 1647 1620 1688 Durior
1647 1648 1703 1688 est
1730 1658 1828 1690 cute

230 1714 273 1745 et
308 1706 475 1748 densior
510 1718 553 1748 et
589 1711 793 1753 tenacior.
862 1710 1077 1755 Nimirum
1123 1714 1295 1754 extendi
1331 1711 1500 1765 prorsus
1536 1724 1623 1752 non
1659 1713 1829 1766 potest,

232 1769 334 1823 quin
369 1783 608 1826 rumpatur,
645 1784 688 1815 et
723 1777 833 1818 reete
869 1779 975 1819 mihi
1012 1794 1032 1820 a
1069 1778 1285 1819 nonnullis
1323 1789 1476 1816 cornea
1512 1775 1618 1817 dic‘ta
1654 1776 1732 1817 effe
1763 1776 1830 1818 vi-

230 1833 370 1875 detur.
438 1836 732 1879 Duc‘tilitatem
778 1842 959 1883 omnino
1004 1842 1162 1883 nullam
1208 1840 1349 1881 habet.
1419 1840 1536 1880 Haec
1582 1840 1690 1881 cutis
1735 1853 1829 1882 cae-

229 1905 370 1938 terum
425 1902 580 1954 pariter
634 1913 759 1958 atque
811 1907 1038 1960 epidermis
1093 1904 1318 1946 continuae
1366 1904 1546 1944 omnino
1583 1904 1826 1946 substantiae

229 1959 339 2001 sunt.
406 1963 529 2005 Nulli
564 1967 606 2006 in
642 1968 691 2008 iis
728 1970 856 2022 pori,
902 1970 1115 2011 interstitia
1151 1969 1263 2011 nulla
1285 1999 1298 2020 ‚
1350 1969 1489 2009 multo
1526 1969 1664 2009 minus
1705 1970 1828 2023 quid-

232 2037 359 2077 quam
396 2027 585 2069 cellulofi
621 2044 806 2084 apparet.
875 2034 1020 2074 Minus
1057 2044 1197 2073 tamen
1235 2033 1436 2084 aequalis,
1470 2033 1695 2086 minusque
1717 2034 1828 2076 clara

231 2097 303 2130 aut
334 2102 439 2144 pura
473 2101 515 2133 et
549 2094 772 2138 vnisotmis
806 2098 932 2151 sunt,
976 2111 1100 2151 quam
1137 2097 1370 2152 cellulosa,
1405 2096 1636 2139 substantia.
1707 2098 1825 2153 Quin

1731 2175 1827 2217 gra-

240 2243 1817 2267 Ἣ

307 2294 370 2337 (a)
423 2291 484 2341 fig.
511 2307 542 2332 2.
569 2309 600 2333 c.
628 2298 661 2334 d.
694 2312 725 2337 c.
751 2300 785 2338 d.

303 2342 367 2389 (b)
420 2340 480 2391 fig.
509 2357 538 2381 2.
567 2358 596 2382 e.
623 2346 646 2383 f.
674 2361 704 2384 e.

307 2396 369 2442 (c)
419 2390 480 2443 fig.
506 2407 538 2433 2.
570 2395 602 2434 b.
628 2396 661 2434 b.
