2007 2702
647 207 799 236 a
832 189 990 250 (243)
1023 203 1178 234 a

326 311 1521 398 COMMENTATIO

826 456 1011 494 NOVAE

209 537 785 594 NOMENDATVRAE
818 536 1168 591 CHEMICAE
1202 533 1637 590 CONDENDAE

302 640 801 687 NECESSITATEM
835 641 923 683 ET
959 639 1155 686 LEGES
1190 636 1539 686 LVSTRANS.

820 770 1014 815 AuCtore

536 868 945 915 LAVRENTIO
988 867 1305 912 CRELLIO.

482 1097 668 1139 Conuent.
707 1096 842 1139 exhib.
880 1098 943 1139 die
982 1109 1041 1149 24
1068 1096 1174 1137 Mai.
1214 1107 1354 1149 1790.

109 1340 345 1456 Quanta
383 1412 460 1454 fint
495 1413 807 1464 emolumenta,
845 1427 953 1469 quae
990 1426 1047 1456 ex
1081 1411 1229 1467 lingua
1265 1408 1498 1466 copiosiori
1535 1417 1580 1450 et
1607 1407 1734 1450 locu·

110 1480 302 1536 pletiori,
338 1480 577 1535 eademque
613 1480 892 1531 immutabili,
928 1492 1006 1520 nec
1043 1491 1131 1520 non
1167 1478 1219 1519 ad
1256 1486 1390 1518 certas
1430 1474 1635 1530 quasdam
1664 1473 1734 1514 lo·

116 1546 272 1601 quendi
310 1557 480 1586 normas
518 1556 645 1600 atque
682 1545 802 1600 leges
839 1543 1060 1598 dispofita,
1098 1542 1341 1597 capiuntur,
1377 1540 1468 1595 ipso
1505 1536 1734 1581 communi

115 1611 217 1652 ritae
258 1610 330 1651 vsu
373 1611 549 1652 edoc'ius
573 1639 586 1661 ‚
639 1622 770 1652 nemo
807 1610 945 1651 multo
982 1609 1123 1650 minus
1160 1607 1381 1648 literarum
1418 1605 1580 1661 peritus
1616 1603 1735 1656 erit,

117 1675 189 1728 qui
226 1675 401 1717 dubitet.
477 1673 653 1717 Constat
686 1676 836 1726 enim,
884 1688 964 1716 nos
1001 1674 1270 1729 vnicuique,
1322 1672 1516 1714 eiusdem
1558 1669 1732 1722 linguae

117 1739 315 1781 societate
351 1740 575 1782 nobiscum
611 1742 862 1792 coniunsto,
900 1740 1105 1794 cogitata,
1141 1737 1386 1793 mentisque
1423 1735 1586 1779 nostrae
1620 1733 1733 1776 sensa

117 1814 202 1846 tam
240 1803 440 1856 distin&e‚
476 1807 602 1856 clare„
639 1808 870 1862 pleneque,
908 1818 1035 1860 quam
1071 1804 1147 1860 ipfi
1183 1817 1232 1845 ea
1258 1812 1403 1845 mente
1430 1799 1732 1856 concepimus,

116 1869 344 1924 impertiri„
380 1879 502 1923 atque
539 1874 780 1927 explicare,
816 1872 958 1927 ficque
994 1884 1095 1912 eum
1132 1869 1268 1912 modo
1304 1869 1348 1910 in
1384 1868 1615 1924 opiniones
1652 1877 1735 1906 no-

117 1935 213 1976 stras
251 1934 485 1986 adducere,
523 1939 655 1980 modo
692 1938 850 1992 optatis
886 1936 1035 1978 nostris
1072 1936 1342 1978 voluntatem
1379 1935 1469 1976 eius
1505 1945 1583 1975 nos
1612 1930 1731 1986 posse

118 2000 297 2041 reddere
335 1999 619 2044 conformem.
688 2003 852 2059 Quodsi
889 2015 994 2044 vero
1031 2015 1088 2043 ex
1122 2001 1337 2043 eiusmodi
1373 2000 1544 2055 lingua,
1588 1995 1733 2038 omni-

117 2066 196 2106 bus
234 2065 422 2104 numeris
459 2065 663 2118 absoluta,
699 2069 739 2109 in
775 2070 862 2110 vita
900 2081 1028 2123 quam
1064 2077 1224 2109 vocant
1258 2066 1500 2117 communi,
1531 2073 1734 2106 commo-

120 2132 169 2172 da
206 2130 497 2184 percipiuntur
533 2132 640 2172 adeo
676 2134 911 2187 praeclara3
953 2146 1060 2188 quos
1100 2132 1257 2187 quaeso
1293 2133 1450 2174 frucstus
1482 2130 1532 2171 ad
1559 2128 1732 2178 artium,

118 2196 475 2248 scientiarumque
512 2196 691 2239 studium
727 2199 825 2240 inde
861 2199 1175 2240 redundaturos
1198 2197 1278 2238 effe
1301 2196 1535 2248 arbitreris,
1571 2193 1600 2234 fi
1624 2203 1733 2248 quae

119 2270 262 2303 mente
299 2274 556 2315 conceperas
594 2263 696 2317 ipse,
731 2265 838 2306 adeo
874 2273 1068 2306 accurate
1106 2272 1149 2305 et
1185 2262 1371 2305 distinere
1408 2265 1654 2318 exprimere
1690 2263 1735 2305 et

120 2339 217 2368 cum
255 2326 344 2369 aliis
382 2328 701 2371 communicare
737 2330 949 2385 pottieri5‚
984 2338 1032 2370 vt
1066 2329 1113 2384 ii,
1151 2328 1409 2386 quibuscum
1446 2329 1730 2385 colloqueris,

893 2395 936 2435 H
957 2394 985 2435 h
1026 2407 1049 2432 2
1639 2392 1730 2433 sen·
