2007 2702
749 225 899 238 .......
932 203 1088 259 (286)
1121 218 1273 233 ...-.....

215 321 359 379 glebas
397 320 530 363 due‘tis
568 319 681 376 (a).>
743 320 900 362 limites
936 332 1079 362 earum
1116 320 1247 361 oculo
1283 326 1446 361 armato
1483 318 1810 375 distinguantur,

217 387 427 442 glebaque
464 400 484 428 a
519 386 641 440 gleba
684 385 958 427 discernatur.
1026 384 1096 427 Sic
1132 398 1198 426 res
1235 384 1274 425 se
1311 384 1439 426 habet
1473 384 1516 425 in
1552 385 1808 428 subcutaneo

216 453 353 506 adipe.
420 450 591 492 Prorsus
633 450 755 491 simili
792 451 922 492 modo
958 450 1037 490 suis
1075 449 1299 490 moleculis
1336 449 1555 490 substantia
1589 449 1813 491 stratorum

215 516 572 557 subcutaneorum
608 515 765 556 constat
799 515 884 569 (b)
907 545 920 567 ,
957 514 1159 556 fimilibus
1197 514 1318 556 lineis
1355 513 1671 555 obscurioribus
1702 514 1814 555 fimi-

215 580 314 621 liter
349 581 480 620 ductis
517 580 633 631 (c),
686 579 807 619 fimili
844 580 977 620 modo
1016 579 1236 626 distinffis5
1291 586 1337 619 vt
1370 577 1440 618 vel
1476 578 1563 619 sola
1600 579 1677 620 hac
1713 591 1816 633 pro-

216 645 393 698 prietate
438 642 755 683 fimilitudinem
801 643 984 695 aliquam
1028 642 1283 682 effentialem
1321 642 1432 682 inter
1466 641 1731 685 substantiam
1767 645 1819 685 il-

218 709 302 749 lam
338 717 381 748 et
414 708 583 760 adipem
630 706 708 746 effe
745 706 966 746 strusturae
1002 705 1187 759 resped’tu
1209 734 1222 756 .‚
1270 703 1391 745 facile
1429 706 1658 761 intelligas.
1727 707 1818 751 Vbi

219 771 432 812 exteriora
466 771 606 811 versus
645 770 777 825 adipis
815 771 983 811 stratum
1021 771 1286 820 terminatur,
1321 768 1563 823 superficies
1599 772 1637 811 ei
1674 786 1695 813 a
1729 773 1821 826 gle-

217 835 282 875 bis
307 863 319 886 ‚
372 834 526 889 quibus
570 835 763 887 constat,
811 834 1094 876 eminentibus
1132 834 1307 888 passim,
1343 835 1576 888 inaequalis
1614 836 1670 875 est
1704 836 1816 889 (d).

219 898 379 941 Similis
417 899 538 940 strato
574 900 767 941 interiori
804 909 846 940 et
880 899 1083 940 exteriori
1119 897 1411 950 subcutaneo,
1454 908 1496 938 et
1539 911 1619 952 qua
1654 908 1821 940 extror-

218 964 307 1004 sum
344 963 427 1018 (ε)
463 974 581 1018 parte
618 975 660 1005 et
697 978 776 1019 qua
813 964 1040 1005 introrsum
1078 963 1152 1015 (f)
1190 963 1397 1016 speciant,
1434 972 1476 1002 et
1510 962 1602 1016 ipsi,
1640 977 1721 1018 qua
1755 965 1820 1004 in·

217 1027 401 1069 troi-sum
438 1028 622 1082 respicit,
658 1031 743 1069 cuti
781 1028 868 1082 (g)
891 1058 904 1080 ‚
940 1027 1179 1082 superficies
1217 1027 1285 1068 est.
1355 1027 1434 1067 His
1472 1027 1578 1067 cutis
1615 1029 1820 1070 exteriori

218 1092 341 1133 strato
378 1093 654 1144 subcutaneo,
692 1094 776 1134 hoc
813 1094 980 1134 stratum
1017 1093 1204 1133 exterius
1240 1091 1458 1144 interiori,
1492 1091 1669 1133 interius
1706 1094 1819 1147 adipi

219 1170 267 1198 ea
304 1157 466 1199 ratione
502 1158 791 1209 incumbunt,
847 1170 980 1211 eaque
1029 1157 1122 1197 sunt
1157 1156 1363 1210 applicata
1385 1184 1398 1207 ‚
1452 1165 1498 1196 vt
1533 1156 1817 1198 eminentibus

218 1221 406 1274 partibus
442 1221 522 1262 suis
559 1221 687 1262 altera
725 1222 956 1262 alterorum
991 1221 1179 1274 partibus
1217 1220 1429 1261 excauatis
1467 1222 1610 1262 exacte
1644 1222 1820 1276 respon-

220 1285 373 1332 deant3
410 1294 456 1324 vt
493 1286 635 1324 omnia
672 1286 774 1324 haec
811 1285 951 1335 strata,
989 1286 1121 1334 cutis,
1158 1284 1408 1324 subcutanea
1445 1285 1573 1326 ambo
1610 1295 1652 1326 et
1688 1287 1817 1340 adeps

218 1360 351 1388 vnum
391 1347 498 1401 quafi
537 1349 787 1387 continuum
824 1347 993 1387 efficere
1029 1347 1265 1386 videantur.
1353 1344 1454 1399 Quo
1491 1359 1544 1385 eo
1580 1349 1712 1399 magis
1750 1361 1822 1401 ap-

220 1424 365 1465 parere
421 1411 648 1462 existimo,
703 1424 771 1451 eas
826 1411 1096 1460 substantias,
1132 1409 1204 1448 fibi
1250 1418 1399 1449 mutuo
1445 1408 1679 1462 substratas,
1732 1418 1818 1452 tarn

219 1476 444 1516 strueturae
499 1486 624 1529 quam
676 1485 845 1514 naturae
898 1475 1084 1530 respedtu
1128 1473 1260 1527 gradu
1304 1481 1464 1514 tantum
1501 1486 1523 1514 a
1557 1472 1595 1514 se
1631 1474 1820 1516 inuicem

222 1539 405 1581 differre.

415 1667 634 1709 Vesiculas
672 1668 805 1722 adipis
841 1680 960 1709 veras
996 1665 1195 1709 vesiculas
1234 1667 1346 1718 effe,
1389 1664 1600 1718 pelliculis
1638 1665 1718 1706 suis
1755 1674 1818 1707 te-

223 1732 423 1774 nuiffimis
461 1733 720 1785 constantes,
757 1733 1025 1773 continentes
1063 1731 1280 1771 materiem
1317 1729 1549 1782 adiposam.,
1586 1743 1718 1783 eaque
1755 1743 1818 1771 ra·

224 1798 341 1839 tione
392 1797 436 1838 in
488 1797 688 1839 cellulosa
730 1796 948 1839 substantia
989 1796 1189 1838 continua
1224 1803 1266 1833 et
1300 1793 1533 1834 semifluida
1569 1804 1718 1847 ortas,
1771 1805 1816 1835 vt

1718 1867 1816 1911 gut-

236 1943 1827 1968 Μ

324 2003 388 2047 (a)
441 1998 494 2049 fig
554 2030 561 2037 .
614 2030 622 2037 .

323 2063 389 2110 (b)
443 2062 494 2112 flg

588 2012 628 2225 5⁸39&

630 2064 677 2161 ‘2-

326 2126 341 2234 ΑΛ

349 2136 371 2224 9-0

378 2127 394 2234 &jv

443 2123 469 2224 :¹7:21³

471 2029 506 2412 ...σῖ-ῑσὲῑ..

527 2013 554 2413 ιοῐῡωιοωωῑ)

558 2281 566 2288 .
597 2252 630 2288 k.
657 2252 694 2290 k.
