<?xml version="1.0" encoding="UTF-8"?>
<!DOCTYPE html PUBLIC "-//W3C//DTD XHTML 1.0 Transitional//EN"
    "http://www.w3.org/TR/xhtml1/DTD/xhtml1-transitional.dtd">
<html xmlns="http://www.w3.org/1999/xhtml" xml:lang="en" lang="en">
 <head>
  <title>
</title>
<meta http-equiv="Content-Type" content="text/html;charset=utf-8" />
  <meta name='ocr-system' content='tesseract 3.04.00' />
  <meta name='ocr-capabilities' content='ocr_page ocr_carea ocr_par ocr_line ocrx_word'/>
</head>
<body>
  <div class='ocr_page' id='page_1' title='image "./novaactaacademia07impe_0427.png"; bbox 0 0 2007 2702; ppageno 0'>
   <div class='ocr_carea' id='block_1_1' title="bbox 670 187 1199 245">
    <p class='ocr_par' dir='ltr' id='par_1_1' title="bbox 670 187 1199 245">
     <span class='ocr_line' id='line_1_1' title="bbox 670 187 1199 245; baseline 0.002 -1"><span class='ocrx_word' id='word_1_1' title='bbox 670 205 822 223; x_wconf 83' lang='lat'>·---</span> <span class='ocrx_word' id='word_1_2' title='bbox 857 187 1012 245; x_wconf 77' lang='lat'><strong>(343)</strong></span> <span class='ocrx_word' id='word_1_3' title='bbox 1047 203 1199 216; x_wconf 83' lang='lat'><strong><em>···-····</em></strong></span> 
     </span>
    </p>
   </div>
   <div class='ocr_carea' id='block_1_2' title="bbox 1048 217 1199 227">
    <p class='ocr_par' dir='ltr' id='par_1_2' title="bbox 1048 217 1199 227">
     <span class='ocr_line' id='line_1_2' title="bbox 1048 217 1199 227; baseline 0 2475"><span class='ocrx_word' id='word_1_4' title='bbox 1048 217 1199 227; x_wconf 95' lang='lat' dir='ltr'> </span> 
     </span>
    </p>
   </div>
   <div class='ocr_carea' id='block_1_3' title="bbox 671 221 821 231">
    <p class='ocr_par' dir='ltr' id='par_1_3' title="bbox 671 221 821 231">
     <span class='ocr_line' id='line_1_3' title="bbox 671 221 821 231; baseline 0 2471"><span class='ocrx_word' id='word_1_5' title='bbox 671 221 821 231; x_wconf 95' lang='lat' dir='ltr'> </span> 
     </span>
    </p>
   </div>
   <div class='ocr_carea' id='block_1_4' title="bbox 319 305 1728 427">
    <p class='ocr_par' dir='ltr' id='par_1_4' title="bbox 319 305 1728 427">
     <span class='ocr_line' id='line_1_4' title="bbox 319 305 1728 363; baseline 0 -14"><span class='ocrx_word' id='word_1_6' title='bbox 319 308 425 349; x_wconf 86' lang='lat' dir='ltr'>fime·</span> <span class='ocrx_word' id='word_1_7' title='bbox 459 315 629 359; x_wconf 73' lang='lat' dir='ltr'>tamen,</span> <span class='ocrx_word' id='word_1_8' title='bbox 663 317 714 348; x_wconf 52' lang='lat' dir='ltr'>vt*</span> <span class='ocrx_word' id='word_1_9' title='bbox 747 320 898 348; x_wconf 90' lang='lat' dir='ltr'>omnes</span> <span class='ocrx_word' id='word_1_10' title='bbox 937 307 1005 347; x_wconf 87' lang='lat' dir='ltr'>hic</span> <span class='ocrx_word' id='word_1_11' title='bbox 1043 305 1278 347; x_wconf 82' lang='lat' dir='ltr'>delineatae</span> <span class='ocrx_word' id='word_1_12' title='bbox 1316 306 1473 361; x_wconf 83' lang='lat' dir='ltr'>figurae</span> <span class='ocrx_word' id='word_1_13' title='bbox 1510 309 1728 363; x_wconf 82' lang='lat' dir='ltr'>regulares</span> 
     </span>
     <span class='ocr_line' id='line_1_5' title="bbox 319 371 1728 427; baseline 0 -13"><span class='ocrx_word' id='word_1_14' title='bbox 319 386 419 415; x_wconf 91' lang='lat' dir='ltr'>cum</span> <span class='ocrx_word' id='word_1_15' title='bbox 464 373 756 427; x_wconf 86' lang='lat' dir='ltr'>pulcherrimo</span> <span class='ocrx_word' id='word_1_16' title='bbox 810 373 1011 413; x_wconf 87' lang='lat' dir='ltr'>colorum</span> <span class='ocrx_word' id='word_1_17' title='bbox 1065 371 1411 426; x_wconf 53' lang='lat' dir='ltr'>priamaticorum</span> <span class='ocrx_word' id='word_1_18' title='bbox 1464 375 1553 414; x_wconf 80' lang='lat' dir='ltr'>lusu</span> <span class='ocrx_word' id='word_1_19' title='bbox 1606 373 1728 414; x_wconf 77' lang='lat' dir='ltr'>simul</span> 
     </span>
    </p>
   </div>
   <div class='ocr_carea' id='block_1_5' title="bbox 317 435 1934 556">
    <p class='ocr_par' dir='ltr' id='par_1_5' title="bbox 317 435 1934 556">
     <span class='ocr_line' id='line_1_6' title="bbox 320 435 1934 492; baseline -0.001 -12"><span class='ocrx_word' id='word_1_20' title='bbox 320 438 650 492; x_wconf 81' lang='lat' dir='ltr'>conspiciantur.</span> <span class='ocrx_word' id='word_1_21' title='bbox 721 437 899 489; x_wconf 48' lang='lat' dir='ltr'>Figurae</span> <span class='ocrx_word' id='word_1_22' title='bbox 958 438 1034 478; x_wconf 85' lang='lat' dir='ltr'>hae</span> <span class='ocrx_word' id='word_1_23' title='bbox 1090 437 1353 488; x_wconf 80' lang='lat' dir='ltr'>crystallinae</span> <span class='ocrx_word' id='word_1_24' title='bbox 1393 435 1464 477; x_wconf 90' lang='lat' dir='ltr'>sub</span> <span class='ocrx_word' id='word_1_25' title='bbox 1500 438 1591 491; x_wconf 89' lang='lat' dir='ltr'>ipso</span> <span class='ocrx_word' id='word_1_26' title='bbox 1629 450 1727 480; x_wconf 86' lang='lat' dir='ltr'>ortu</span> <span class='ocrx_word' id='word_1_27' title='bbox 1743 444 1838 486; x_wconf 82' lang='lat' dir='ltr'>Tab,</span> <span class='ocrx_word' id='word_1_28' title='bbox 1873 447 1934 485; x_wconf 81' lang='lat' dir='ltr'>IV,</span> 
     </span>
     <span class='ocr_line' id='line_1_7' title="bbox 317 495 1914 556; baseline -0.001 -11"><span class='ocrx_word' id='word_1_29' title='bbox 317 504 552 545; x_wconf 79' lang='lat' dir='ltr'>admodum</span> <span class='ocrx_word' id='word_1_30' title='bbox 589 515 741 556; x_wconf 84' lang='lat' dir='ltr'>paruae</span> <span class='ocrx_word' id='word_1_31' title='bbox 779 503 899 543; x_wconf 84' lang='lat' dir='ltr'>breui</span> <span class='ocrx_word' id='word_1_32' title='bbox 938 512 1077 543; x_wconf 84' lang='lat' dir='ltr'>tamen</span> <span class='ocrx_word' id='word_1_33' title='bbox 1118 502 1209 556; x_wconf 90' lang='lat' dir='ltr'>post</span> <span class='ocrx_word' id='word_1_34' title='bbox 1244 512 1441 556; x_wconf 88' lang='lat' dir='ltr'>tempore</span> <span class='ocrx_word' id='word_1_35' title='bbox 1472 501 1614 543; x_wconf 79' lang='lat' dir='ltr'>seusun</span> <span class='ocrx_word' id='word_1_36' title='bbox 1638 506 1753 544; x_wconf 29' lang='lat' dir='ltr'>sen-ff</span> <span class='ocrx_word' id='word_1_37' title='bbox 1793 495 1854 548; x_wconf 82' lang='lat' dir='ltr'>fig·</span> <span class='ocrx_word' id='word_1_38' title='bbox 1879 507 1914 547; x_wconf 83' lang='lat'>7-</span> 
     </span>
    </p>
   </div>
   <div class='ocr_carea' id='block_1_6' title="bbox 317 567 1730 674">
    <p class='ocr_par' dir='ltr' id='par_1_6' title="bbox 317 567 1730 674">
     <span class='ocr_line' id='line_1_8' title="bbox 317 567 1730 622; baseline 0 -13"><span class='ocrx_word' id='word_1_39' title='bbox 317 568 480 622; x_wconf 89' lang='lat' dir='ltr'>fimque</span> <span class='ocrx_word' id='word_1_40' title='bbox 517 567 613 607; x_wconf 88' lang='lat' dir='ltr'>vitri</span> <span class='ocrx_word' id='word_1_41' title='bbox 650 569 831 609; x_wconf 81' lang='lat' dir='ltr'>fundum</span> <span class='ocrx_word' id='word_1_42' title='bbox 870 578 1064 622; x_wconf 80' lang='lat' dir='ltr'>petentes</span> <span class='ocrx_word' id='word_1_43' title='bbox 1116 569 1168 609; x_wconf 87' lang='lat' dir='ltr'>ad</span> <span class='ocrx_word' id='word_1_44' title='bbox 1215 568 1473 608; x_wconf 76' lang='lat' dir='ltr'>delineatam</span> <span class='ocrx_word' id='word_1_45' title='bbox 1520 570 1730 621; x_wconf 83' lang='lat' dir='ltr'>magnitu-</span> 
     </span>
     <span class='ocr_line' id='line_1_9' title="bbox 319 633 767 674; baseline -0.002 0"><span class='ocrx_word' id='word_1_46' title='bbox 319 634 463 674; x_wconf 89' lang='lat' dir='ltr'>dinem</span> <span class='ocrx_word' id='word_1_47' title='bbox 501 633 767 673; x_wconf 83' lang='lat' dir='ltr'>excrescunt.</span> 
     </span>
    </p>
   </div>
   <div class='ocr_carea' id='block_1_7' title="bbox 215 737 1733 1053">
    <p class='ocr_par' dir='ltr' id='par_1_7' title="bbox 215 737 1733 1053">
     <span class='ocr_line' id='line_1_10' title="bbox 215 737 1733 796; baseline 0 -15"><span class='ocrx_word' id='word_1_48' title='bbox 215 740 266 796; x_wconf 80' lang='grc' dir='ltr'>β)</span> <span class='ocrx_word' id='word_1_49' title='bbox 303 739 478 781; x_wconf 87' lang='lat' dir='ltr'>Prorsus</span> <span class='ocrx_word' id='word_1_50' title='bbox 516 739 638 781; x_wconf 83' lang='lat' dir='ltr'>aliter</span> <span class='ocrx_word' id='word_1_51' title='bbox 684 752 745 779; x_wconf 81' lang='lat' dir='ltr'>res</span> <span class='ocrx_word' id='word_1_52' title='bbox 784 738 822 779; x_wconf 84' lang='lat' dir='ltr'>se</span> <span class='ocrx_word' id='word_1_53' title='bbox 862 737 1023 789; x_wconf 73' lang='lat' dir='ltr'>habet,</span> <span class='ocrx_word' id='word_1_54' title='bbox 1077 738 1103 778; x_wconf 88' lang='lat' dir='ltr'>fi</span> <span class='ocrx_word' id='word_1_55' title='bbox 1129 790 1132 792; x_wconf 33' lang='grc'><strong>,</strong></span> <span class='ocrx_word' id='word_1_56' title='bbox 1157 737 1286 792; x_wconf 86' lang='lat' dir='ltr'>paulo</span> <span class='ocrx_word' id='word_1_57' title='bbox 1342 739 1478 780; x_wconf 86' lang='lat' dir='ltr'>maior</span> <span class='ocrx_word' id='word_1_58' title='bbox 1532 739 1581 779; x_wconf 88' lang='lat' dir='ltr'>fit</span> <span class='ocrx_word' id='word_1_59' title='bbox 1622 740 1733 781; x_wconf 87' lang='lat' dir='ltr'>aceti</span> 
     </span>
     <span class='ocr_line' id='line_1_11' title="bbox 314 803 1732 859; baseline -0.001 -13"><span class='ocrx_word' id='word_1_60' title='bbox 314 806 616 859; x_wconf 60' lang='lat' dir='ltr'>refrigeratio5</span> <span class='ocrx_word' id='word_1_61' title='bbox 674 818 784 844; x_wconf 81' lang='lat' dir='ltr'>nunc</span> <span class='ocrx_word' id='word_1_62' title='bbox 833 804 1027 857; x_wconf 76' lang='lat' dir='ltr'>figurae,</span> <span class='ocrx_word' id='word_1_63' title='bbox 1085 804 1171 844; x_wconf 90' lang='lat' dir='ltr'>niui</span> <span class='ocrx_word' id='word_1_64' title='bbox 1218 803 1493 857; x_wconf 84' lang='lat' dir='ltr'>fimillimae‚</span> <span class='ocrx_word' id='word_1_65' title='bbox 1548 804 1732 846; x_wconf 88' lang='lat' dir='ltr'>stellatae</span> 
     </span>
     <span class='ocr_line' id='line_1_12' title="bbox 319 869 1733 924; baseline 0 -14"><span class='ocrx_word' id='word_1_66' title='bbox 319 872 509 924; x_wconf 79' lang='lat' dir='ltr'>quinque</span> <span class='ocrx_word' id='word_1_67' title='bbox 546 880 589 910; x_wconf 89' lang='lat' dir='ltr'>et</span> <span class='ocrx_word' id='word_1_68' title='bbox 624 869 696 910; x_wconf 82' lang='lat' dir='ltr'>sex</span> <span class='ocrx_word' id='word_1_69' title='bbox 733 869 858 910; x_wconf 80' lang='lat' dir='ltr'>radiis</span> <span class='ocrx_word' id='word_1_70' title='bbox 898 869 1108 909; x_wconf 75' lang='lat' dir='ltr'>distinc‘tae</span> <span class='ocrx_word' id='word_1_71' title='bbox 1146 879 1385 922; x_wconf 63' lang='lat' dir='ltr'>apparent‚</span> <span class='ocrx_word' id='word_1_72' title='bbox 1433 882 1538 923; x_wconf 89' lang='lat' dir='ltr'>quae</span> <span class='ocrx_word' id='word_1_73' title='bbox 1576 869 1733 910; x_wconf 86' lang='lat' dir='ltr'>leniter</span> 
     </span>
     <span class='ocr_line' id='line_1_13' title="bbox 317 933 1731 987; baseline 0 -13"><span class='ocrx_word' id='word_1_74' title='bbox 317 936 415 975; x_wconf 85' lang='lat' dir='ltr'>vitri</span> <span class='ocrx_word' id='word_1_75' title='bbox 454 934 634 974; x_wconf 87' lang='lat' dir='ltr'>fundum</span> <span class='ocrx_word' id='word_1_76' title='bbox 673 943 848 987; x_wconf 71' lang='lat' dir='ltr'>petunt,</span> <span class='ocrx_word' id='word_1_77' title='bbox 887 933 1193 986; x_wconf 64' lang='lat' dir='ltr'>bibentesque,</span> <span class='ocrx_word' id='word_1_78' title='bbox 1231 934 1466 975; x_wconf 68' lang='lat' dir='ltr'>suaviffima</span> <span class='ocrx_word' id='word_1_79' title='bbox 1498 935 1731 975; x_wconf 87' lang='lat' dir='ltr'>oculorum</span> 
     </span>
     <span class='ocr_line' id='line_1_14' title="bbox 315 998 1082 1053; baseline -0.001 -15"><span class='ocrx_word' id='word_1_80' title='bbox 315 999 575 1053; x_wconf 80' lang='lat' dir='ltr'>voluptate,</span> <span class='ocrx_word' id='word_1_81' title='bbox 614 1001 835 1039; x_wconf 85' lang='lat' dir='ltr'>volumine</span> <span class='ocrx_word' id='word_1_82' title='bbox 875 998 1082 1039; x_wconf 83' lang='lat' dir='ltr'>crescunt.</span> 
     </span>
    </p>
   </div>
   <div class='ocr_carea' id='block_1_8' title="bbox 221 1107 1730 1292">
    <p class='ocr_par' dir='ltr' id='par_1_8' title="bbox 221 1107 1730 1292">
     <span class='ocr_line' id='line_1_15' title="bbox 221 1107 1727 1166; baseline 0.001 -18"><span class='ocrx_word' id='word_1_83' title='bbox 221 1108 282 1166; x_wconf 68' lang='grc' dir='ltr'>Ὺ)</span> <span class='ocrx_word' id='word_1_84' title='bbox 318 1107 464 1149; x_wconf 85' lang='lat' dir='ltr'>Maior</span> <span class='ocrx_word' id='word_1_85' title='bbox 500 1108 526 1148; x_wconf 87' lang='lat' dir='ltr'>fi</span> <span class='ocrx_word' id='word_1_86' title='bbox 565 1108 615 1150; x_wconf 83' lang='lat' dir='ltr'>ab</span> <span class='ocrx_word' id='word_1_87' title='bbox 653 1109 776 1149; x_wconf 87' lang='lat' dir='ltr'>initio</span> <span class='ocrx_word' id='word_1_88' title='bbox 823 1108 896 1149; x_wconf 87' lang='lat' dir='ltr'>fiat</span> <span class='ocrx_word' id='word_1_89' title='bbox 941 1107 1245 1163; x_wconf 65' lang='lat' dir='ltr'>refrigeratio,</span> <span class='ocrx_word' id='word_1_90' title='bbox 1299 1107 1727 1161; x_wconf 85' lang='lat' dir='ltr'>globoso—radiatae</span> 
     </span>
     <span class='ocr_line' id='line_1_16' title="bbox 315 1172 1730 1227; baseline 0.002 -14"><span class='ocrx_word' id='word_1_91' title='bbox 315 1173 475 1226; x_wconf 89' lang='lat' dir='ltr'>figurae</span> <span class='ocrx_word' id='word_1_92' title='bbox 513 1173 770 1215; x_wconf 81' lang='lat' dir='ltr'>delabuntur</span> <span class='ocrx_word' id='word_1_93' title='bbox 805 1173 848 1215; x_wconf 91' lang='lat' dir='ltr'>in</span> <span class='ocrx_word' id='word_1_94' title='bbox 886 1172 1066 1219; x_wconf 84' lang='lat' dir='ltr'>fundum</span> <span class='ocrx_word' id='word_1_95' title='bbox 1090 1202 1104 1226; x_wconf 83' lang='lat'>‚</span> <span class='ocrx_word' id='word_1_96' title='bbox 1159 1185 1265 1227; x_wconf 85' lang='lat' dir='ltr'>quae</span> <span class='ocrx_word' id='word_1_97' title='bbox 1301 1174 1503 1225; x_wconf 79' lang='lat' dir='ltr'>ocyffime</span> <span class='ocrx_word' id='word_1_98' title='bbox 1539 1174 1730 1216; x_wconf 85' lang='lat' dir='ltr'>volumi-</span> 
     </span>
     <span class='ocr_line' id='line_1_17' title="bbox 317 1248 628 1292; baseline 0.003 -15"><span class='ocrx_word' id='word_1_99' title='bbox 317 1250 370 1277; x_wconf 87' lang='lat' dir='ltr'>ne</span> <span class='ocrx_word' id='word_1_100' title='bbox 405 1248 628 1292; x_wconf 83' lang='lat' dir='ltr'>augentur.</span> 
     </span>
    </p>
   </div>
   <div class='ocr_carea' id='block_1_9' title="bbox 212 1340 1729 1529">
    <p class='ocr_par' dir='ltr' id='par_1_9' title="bbox 212 1340 1729 1529">
     <span class='ocr_line' id='line_1_18' title="bbox 212 1340 1729 1399; baseline 0.001 -14"><span class='ocrx_word' id='word_1_101' title='bbox 212 1340 257 1398; x_wconf 80' lang='grc' dir='ltr'>δ)</span> <span class='ocrx_word' id='word_1_102' title='bbox 295 1343 551 1398; x_wconf 64' lang='lat' dir='ltr'>Exspeetato</span> <span class='ocrx_word' id='word_1_103' title='bbox 587 1355 729 1386; x_wconf 81' lang='lat' dir='ltr'>autem</span> <span class='ocrx_word' id='word_1_104' title='bbox 767 1345 922 1386; x_wconf 89' lang='lat' dir='ltr'>vltimo</span> <span class='ocrx_word' id='word_1_105' title='bbox 959 1343 1297 1397; x_wconf 85' lang='lat' dir='ltr'>refrigerationis</span> <span class='ocrx_word' id='word_1_106' title='bbox 1335 1342 1521 1397; x_wconf 73' lang='lat' dir='ltr'>punc‘to,</span> <span class='ocrx_word' id='word_1_107' title='bbox 1557 1343 1729 1399; x_wconf 78' lang='lat' dir='ltr'>liquor,</span> 
     </span>
     <span class='ocr_line' id='line_1_19' title="bbox 314 1409 1728 1466; baseline 0.001 -16"><span class='ocrx_word' id='word_1_108' title='bbox 314 1419 464 1463; x_wconf 89' lang='lat' dir='ltr'>aperto</span> <span class='ocrx_word' id='word_1_109' title='bbox 501 1411 630 1460; x_wconf 66' lang='lat' dir='ltr'>vitm,</span> <span class='ocrx_word' id='word_1_110' title='bbox 669 1423 745 1466; x_wconf 86' lang='lat' dir='ltr'>per</span> <span class='ocrx_word' id='word_1_111' title='bbox 781 1423 977 1463; x_wconf 85' lang='lat' dir='ltr'>omnem,</span> <span class='ocrx_word' id='word_1_112' title='bbox 1015 1419 1169 1464; x_wconf 86' lang='lat' dir='ltr'>quanta</span> <span class='ocrx_word' id='word_1_113' title='bbox 1205 1409 1290 1464; x_wconf 77' lang='lat' dir='ltr'>est,</span> <span class='ocrx_word' id='word_1_114' title='bbox 1319 1409 1488 1449; x_wconf 79' lang='lat' dir='ltr'>massam</span> <span class='ocrx_word' id='word_1_115' title='bbox 1525 1421 1728 1452; x_wconf 81' lang='lat' dir='ltr'>momen·</span> 
     </span>
     <span class='ocr_line' id='line_1_20' title="bbox 315 1475 663 1529; baseline 0.006 -15"><span class='ocrx_word' id='word_1_116' title='bbox 315 1483 362 1515; x_wconf 89' lang='lat' dir='ltr'>to</span> <span class='ocrx_word' id='word_1_117' title='bbox 399 1475 663 1529; x_wconf 79' lang='lat' dir='ltr'>coagulatur.</span> 
     </span>
    </p>
   </div>
   <div class='ocr_carea' id='block_1_10' title="bbox 124 1601 1725 1790">
    <p class='ocr_par' dir='ltr' id='par_1_10' title="bbox 124 1601 1725 1790">
     <span class='ocr_line' id='line_1_21' title="bbox 312 1601 1725 1656; baseline 0.002 -14"><span class='ocrx_word' id='word_1_118' title='bbox 312 1601 606 1645; x_wconf 83' lang='lat' dir='ltr'>Pulcherrima</span> <span class='ocrx_word' id='word_1_119' title='bbox 652 1603 756 1645; x_wconf 86' lang='lat' dir='ltr'>haec</span> <span class='ocrx_word' id='word_1_120' title='bbox 794 1603 1152 1655; x_wconf 83' lang='lat' dir='ltr'>crystallisationis</span> <span class='ocrx_word' id='word_1_121' title='bbox 1207 1602 1514 1656; x_wconf 82' lang='lat' dir='ltr'>phoenomena</span> <span class='ocrx_word' id='word_1_122' title='bbox 1567 1603 1725 1645; x_wconf 90' lang='lat' dir='ltr'>aestiuo</span> 
     </span>
     <span class='ocr_line' id='line_1_22' title="bbox 124 1663 1725 1723; baseline 0.003 -18"><span class='ocrx_word' id='word_1_123' title='bbox 124 1663 248 1705; x_wconf 79' lang='lat' dir='ltr'>etiam</span> <span class='ocrx_word' id='word_1_124' title='bbox 296 1676 491 1721; x_wconf 86' lang='lat' dir='ltr'>tempore</span> <span class='ocrx_word' id='word_1_125' title='bbox 537 1669 719 1721; x_wconf 89' lang='lat' dir='ltr'>produci</span> <span class='ocrx_word' id='word_1_126' title='bbox 772 1670 977 1722; x_wconf 71' lang='lat' dir='ltr'>possunt,</span> <span class='ocrx_word' id='word_1_127' title='bbox 1032 1669 1059 1709; x_wconf 88' lang='lat' dir='ltr'>fi</span> <span class='ocrx_word' id='word_1_128' title='bbox 1114 1668 1272 1708; x_wconf 85' lang='lat' dir='ltr'>vitrum</span> <span class='ocrx_word' id='word_1_129' title='bbox 1325 1678 1493 1710; x_wconf 82' lang='lat' dir='ltr'>acetum</span> <span class='ocrx_word' id='word_1_130' title='bbox 1544 1668 1725 1723; x_wconf 81' lang='lat' dir='ltr'>glaciale</span> 
     </span>
     <span class='ocr_line' id='line_1_23' title="bbox 125 1729 1690 1790; baseline 0.003 -20"><span class='ocrx_word' id='word_1_131' title='bbox 125 1729 366 1783; x_wconf 77' lang='lat' dir='ltr'>continens,</span> <span class='ocrx_word' id='word_1_132' title='bbox 404 1732 555 1785; x_wconf 84' lang='lat' dir='ltr'>glaciei</span> <span class='ocrx_word' id='word_1_133' title='bbox 591 1747 700 1788; x_wconf 84' lang='lat' dir='ltr'>aqua</span> <span class='ocrx_word' id='word_1_134' title='bbox 736 1735 896 1776; x_wconf 80' lang='lat' dir='ltr'>mixtae</span> <span class='ocrx_word' id='word_1_135' title='bbox 933 1735 984 1775; x_wconf 84' lang='lat' dir='ltr'>ad</span> <span class='ocrx_word' id='word_1_136' title='bbox 1021 1734 1185 1775; x_wconf 91' lang='lat' dir='ltr'>collum</span> <span class='ocrx_word' id='word_1_137' title='bbox 1221 1745 1357 1788; x_wconf 82' lang='lat' dir='ltr'>Vsque</span> <span class='ocrx_word' id='word_1_138' title='bbox 1394 1735 1690 1790; x_wconf 81' lang='lat' dir='ltr'>immergatur.</span> 
     </span>
    </p>
   </div>
   <div class='ocr_carea' id='block_1_11' title="bbox 220 1857 1728 2310">
    <p class='ocr_par' dir='ltr' id='par_1_11' title="bbox 220 1857 1728 2310">
     <span class='ocr_line' id='line_1_24' title="bbox 220 1857 1726 1919; baseline 0.006 -22"><span class='ocrx_word' id='word_1_139' title='bbox 220 1857 266 1914; x_wconf 78' lang='lat' dir='ltr'>b)</span> <span class='ocrx_word' id='word_1_140' title='bbox 302 1857 486 1913; x_wconf 84' lang='lat' dir='ltr'>Elegans</span> <span class='ocrx_word' id='word_1_141' title='bbox 524 1875 698 1918; x_wconf 87' lang='lat' dir='ltr'>quoque</span> <span class='ocrx_word' id='word_1_142' title='bbox 734 1863 1075 1917; x_wconf 84' lang='lat' dir='ltr'>phoenomenon</span> <span class='ocrx_word' id='word_1_143' title='bbox 1113 1862 1464 1917; x_wconf 88' lang='lat' dir='ltr'>conspiciendum</span> <span class='ocrx_word' id='word_1_144' title='bbox 1519 1864 1560 1905; x_wconf 90' lang='lat' dir='ltr'>se</span> <span class='ocrx_word' id='word_1_145' title='bbox 1602 1877 1726 1919; x_wconf 86' lang='lat' dir='ltr'>prae-</span> 
     </span>
     <span class='ocr_line' id='line_1_25' title="bbox 318 1922 1726 1984; baseline 0.006 -20"><span class='ocrx_word' id='word_1_146' title='bbox 318 1922 411 1974; x_wconf 62' lang='lat' dir='ltr'>bet„</span> <span class='ocrx_word' id='word_1_147' title='bbox 449 1936 612 1967; x_wconf 88' lang='lat' dir='ltr'>acetum</span> <span class='ocrx_word' id='word_1_148' title='bbox 648 1929 824 1981; x_wconf 71' lang='lat' dir='ltr'>glaciale</span> <span class='ocrx_word' id='word_1_149' title='bbox 863 1943 996 1983; x_wconf 86' lang='lat' dir='ltr'>aquae</span> <span class='ocrx_word' id='word_1_150' title='bbox 1033 1929 1300 1982; x_wconf 77' lang='lat' dir='ltr'>congel-antis</span> <span class='ocrx_word' id='word_1_151' title='bbox 1338 1929 1486 1983; x_wconf 77' lang='lat' dir='ltr'>frigori</span> <span class='ocrx_word' id='word_1_152' title='bbox 1522 1929 1550 1970; x_wconf 86' lang='lat' dir='ltr'><strong>fi</strong></span> <span class='ocrx_word' id='word_1_153' title='bbox 1587 1942 1726 1984; x_wconf 88' lang='lat' dir='ltr'>expo-</span> 
     </span>
     <span class='ocr_line' id='line_1_26' title="bbox 321 1988 1725 2049; baseline 0.006 -22"><span class='ocrx_word' id='word_1_154' title='bbox 321 1988 467 2036; x_wconf 71' lang='lat' dir='ltr'>nitur-3</span> <span class='ocrx_word' id='word_1_155' title='bbox 521 1999 610 2032; x_wconf 90' lang='lat' dir='ltr'>tum</span> <span class='ocrx_word' id='word_1_156' title='bbox 656 1993 774 2034; x_wconf 86' lang='lat' dir='ltr'>breui</span> <span class='ocrx_word' id='word_1_157' title='bbox 813 2004 1009 2048; x_wconf 88' lang='lat' dir='ltr'>tempore</span> <span class='ocrx_word' id='word_1_158' title='bbox 1046 1994 1139 2049; x_wconf 90' lang='lat' dir='ltr'>post</span> <span class='ocrx_word' id='word_1_159' title='bbox 1175 1994 1523 2048; x_wconf 82' lang='lat' dir='ltr'>coagulationem</span> <span class='ocrx_word' id='word_1_160' title='bbox 1560 1994 1725 2048; x_wconf 77' lang='lat' dir='ltr'>ipfius,</span> 
     </span>
     <span class='ocr_line' id='line_1_27' title="bbox 318 2052 1726 2114; baseline 0.006 -22"><span class='ocrx_word' id='word_1_161' title='bbox 318 2052 361 2093; x_wconf 86' lang='lat' dir='ltr'>in</span> <span class='ocrx_word' id='word_1_162' title='bbox 398 2053 596 2096; x_wconf 86' lang='lat' dir='ltr'>lateribus</span> <span class='ocrx_word' id='word_1_163' title='bbox 633 2058 761 2111; x_wconf 82' lang='lat' dir='ltr'>partis</span> <span class='ocrx_word' id='word_1_164' title='bbox 807 2060 1037 2114; x_wconf 70' lang='lat' dir='ltr'>superioris</span> <span class='ocrx_word' id='word_1_165' title='bbox 1089 2060 1187 2100; x_wconf 89' lang='lat' dir='ltr'>vitri</span> <span class='ocrx_word' id='word_1_166' title='bbox 1244 2059 1479 2102; x_wconf 83' lang='lat' dir='ltr'>multitudo</span> <span class='ocrx_word' id='word_1_167' title='bbox 1532 2059 1726 2101; x_wconf 87' lang='lat' dir='ltr'>lamella-</span> 
     </span>
     <span class='ocr_line' id='line_1_28' title="bbox 316 2122 1725 2179; baseline 0.006 -23"><span class='ocrx_word' id='word_1_168' title='bbox 316 2123 413 2157; x_wconf 77' lang='lat' dir='ltr'>rum</span> <span class='ocrx_word' id='word_1_169' title='bbox 461 2122 709 2163; x_wconf 77' lang='lat' dir='ltr'>micantium</span> <span class='ocrx_word' id='word_1_170' title='bbox 762 2137 839 2165; x_wconf 89' lang='lat' dir='ltr'>nec</span> <span class='ocrx_word' id='word_1_171' title='bbox 893 2139 981 2166; x_wconf 88' lang='lat' dir='ltr'>non</span> <span class='ocrx_word' id='word_1_172' title='bbox 1036 2124 1351 2166; x_wconf 88' lang='lat' dir='ltr'>flammularum</span> <span class='ocrx_word' id='word_1_173' title='bbox 1405 2123 1725 2179; x_wconf 87' lang='lat' dir='ltr'>splendentium</span> 
     </span>
     <span class='ocr_line' id='line_1_29' title="bbox 320 2182 1726 2242; baseline 0.006 -20"><span class='ocrx_word' id='word_1_174' title='bbox 320 2182 576 2237; x_wconf 87' lang='lat' dir='ltr'>coloresque</span> <span class='ocrx_word' id='word_1_175' title='bbox 614 2187 880 2239; x_wconf 85' lang='lat' dir='ltr'>prismaticos</span> <span class='ocrx_word' id='word_1_176' title='bbox 918 2189 1198 2232; x_wconf 85' lang='lat' dir='ltr'>referentium</span> <span class='ocrx_word' id='word_1_177' title='bbox 1244 2190 1449 2242; x_wconf 77' lang='lat' dir='ltr'>adparet,</span> <span class='ocrx_word' id='word_1_178' title='bbox 1506 2190 1548 2230; x_wconf 90' lang='lat' dir='ltr'>id</span> <span class='ocrx_word' id='word_1_179' title='bbox 1604 2189 1726 2241; x_wconf 91' lang='lat' dir='ltr'>quod</span> 
     </span>
     <span class='ocr_line' id='line_1_30' title="bbox 315 2246 1728 2310; baseline 0.006 -25"><span class='ocrx_word' id='word_1_180' title='bbox 315 2246 358 2286; x_wconf 88' lang='lat' dir='ltr'>in</span> <span class='ocrx_word' id='word_1_181' title='bbox 394 2247 492 2288; x_wconf 85' lang='lat' dir='ltr'>vitri</span> <span class='ocrx_word' id='word_1_182' title='bbox 528 2262 655 2292; x_wconf 86' lang='lat' dir='ltr'>vacua</span> <span class='ocrx_word' id='word_1_183' title='bbox 691 2264 806 2306; x_wconf 84' lang='lat' dir='ltr'>parte</span> <span class='ocrx_word' id='word_1_184' title='bbox 843 2255 1050 2310; x_wconf 74' lang='lat' dir='ltr'>singulare</span> <span class='ocrx_word' id='word_1_185' title='bbox 1088 2254 1218 2295; x_wconf 78' lang='lat' dir='ltr'>offert</span> <span class='ocrx_word' id='word_1_186' title='bbox 1245 2253 1546 2309; x_wconf 58' lang='lat' dir='ltr'>spectaculum.</span> <span class='ocrx_word' id='word_1_187' title='bbox 1584 2252 1728 2294; x_wconf 86' lang='lat' dir='ltr'>Flam-</span> 
     </span>
    </p>
   </div>
   <div class='ocr_carea' id='block_1_12' title="bbox 315 2311 1724 2423">
    <p class='ocr_par' dir='ltr' id='par_1_12' title="bbox 315 2311 1724 2423">
     <span class='ocr_line' id='line_1_31' title="bbox 315 2311 1724 2378; baseline 0.014 -26"><span class='ocrx_word' id='word_1_188' title='bbox 315 2311 458 2354; x_wconf 81' lang='lat' dir='ltr'>mulae</span> <span class='ocrx_word' id='word_1_189' title='bbox 494 2313 572 2356; x_wconf 85' lang='lat' dir='ltr'>hae</span> <span class='ocrx_word' id='word_1_190' title='bbox 609 2316 716 2359; x_wconf 82' lang='lat' dir='ltr'>adeo</span> <span class='ocrx_word' id='word_1_191' title='bbox 753 2327 902 2364; x_wconf 87' lang='lat' dir='ltr'>tenues</span> <span class='ocrx_word' id='word_1_192' title='bbox 937 2321 1156 2364; x_wconf 80' lang='lat' dir='ltr'>interdum</span> <span class='ocrx_word' id='word_1_193' title='bbox 1193 2320 1304 2377; x_wconf 77' lang='lat' dir='ltr'>sunt,</span> <span class='ocrx_word' id='word_1_194' title='bbox 1339 2326 1385 2360; x_wconf 82' lang='lat' dir='ltr'>vt</span> <span class='ocrx_word' id='word_1_195' title='bbox 1411 2329 1591 2378; x_wconf 76' lang='lat' dir='ltr'>propter</span> <span class='ocrx_word' id='word_1_196' title='bbox 1625 2330 1724 2371; x_wconf 69' lang='lat' dir='ltr'>Pssl‘·</span> 
     </span>
     <span class='ocr_line' id='line_1_32' title="bbox 1603 2380 1722 2423; baseline 0.025 -3"><span class='ocrx_word' id='word_1_197' title='bbox 1603 2380 1722 2423; x_wconf 63' lang='lat' dir='ltr'>secti-</span> 
     </span>
    </p>
   </div>
  </div>
 </body>
</html>
